2948 4890
241 419 305 486 132
608 429 707 479 servu
731 427 964 482 ossuscsrro,

242 580 333 639 micos
348 597 362 638 s
377 576 490 638 literam
504 584 715 636 consonantem
728 569 808 633 baud
823 587 909 632 secus
923 571 1030 632 elidere
1046 571 1160 647 solitos,
1183 593 1219 634 ac
1245 576 1270 635 si
1283 595 1332 636 ro-

242 674 315 734 calis
330 683 419 742 esset,
440 672 528 750 idque
551 669 805 748 frequentissime:
827 667 906 747 quod
921 679 950 728 et
964 667 1092 728 Ennium
1105 669 1134 729 in
1150 667 1285 743 heroicis,
1304 683 1333 732 et

241 769 457 830 vetustiaimos
465 783 599 845 quosque
613 765 709 825 lacere
722 763 963 835 consuevisse,ul
971 773 1002 823 et
1010 761 1163 843 Virgilium
1177 767 1333 839 interdum,

243 865 324 926 docti
338 871 533 929 annotarunt:
555 861 679 920 velutin
694 859 817 930 Andria,
835 857 953 918 ‘Herus
968 877 1013 920 me
1027 859 1135 922 relictis
1148 863 1236 923 rebus
1245 864 1336 942 jussit

242 959 429 1041 Pamphilum
439 958 457 1019 ι’
472 958 521 1018 hic
536 957 628 1036 prima
641 955 760 1036 regione
775 965 946 1036 anapaestus
960 966 1016 1029 est,
1032 957 1141 1018 seliso.
1185 959 1219 1018 ln
1235 959 1335 1018 Eunu·

242 1057 316 1117 cho:
338 1055 516 1134 ‘Jugulams
539 1051 704 1112 hominem:
726 1049 797 1130 quid
811 1050 884 1110 illel
924 1051 985 1110 Trr.
1009 1052 1111 1113 Mutur
1136 1053 1236 1114 illico.’
1278 1051 1334 1116 Hic

242 1151 272 1210 in
285 1153 374 1210 verbo
394 1157 403 1184 ⁴
414 1145 586 1228 jugularas‘
610 1165 625 1204 s
645 1145 782 1208 eliditur:
805 1157 839 1205 ut
864 1145 902 1206 sit
924 1147 1056 1208 secundo
1075 1149 1140 1209 loco
1153 1163 1336 1230 anapaestus,

241 1247 327 1308 tertio
339 1245 464 1304 iambus.
499 1241 564 1301 Nisi
577 1241 644 1320 quis
658 1241 754 1300 dicere
768 1242 845 1301 ausit
859 1259 1019 1321 pronomen
1035 1243 1125 1318 ‘ille‚'
1141 1245 1221 1306 velut
1235 1249 1335 1309 ablato

241 1342 334 1403 allero
347 1342 369 1412 l,
382 1338 498 1418 corripi,
512 1357 592 1397 more
606 1337 827 1417 imitationeque
841 1337 1023 1413 Graecorum,
1042 1340 1123 1419 quod
1137 1347 1184 1420 (ut
1196 1360 1253 1422 ego
1268 1363 1336 1404 sen-

240 1439 295 1515 tio)
315 1437 404 1518 paulo
425 1435 514 1494 luerit
533 1434 674 1494 coactior.
715 1435 857 1502 Quamvis
882 1435 961 1516 apud
986 1435 1077 1497 hosce
1097 1435 1191 1498 lateor
1213 1440 1336 1501 alteram

242 1549 452 1611 nonnunquam
468 1531 506 1591 de
519 1531 676 1610 geminatis
686 1532 918 1592 consonantibus
933 1533 963 1591 in
975 1551 1060 1592 versu
1073 1533 1136 1592 tolli
1151 1538 1220 1595 rard
1230 1543 1335 1610 παρέλ-

241 1635 349 1710 herdae,
371 1649 430 1708 quo
453 1627 568 1708 syllaba
591 1627 689 1706 positu
710 1626 800 1706 longa
814 1627 918 1706 corripi
933 1639 1033 1706 queat.
1075 1629 1114 1688 Et
1128 1629 1225 1690 nolent
1239 1629 1335 1691 Latini

241 1733 271 1790 in
286 1726 385 1788 multis
399 1729 446 1802 (ut
458 1723 614 1804 diligenter
627 1722 778 1782 annotarit
794 1722 975 1799 Priscianus)
993 1724 1106 1785 initium
1122 1726 1243 1805 aliquod
1257 1728 1336 1788 acci·
1463 1729 1464 1746 ¹

241 1826 356 1906 pientes
370 1841 389 1881 a
402 1821 528 1892 Graecia,
552 1820 590 1878 ab
612 1831 740 1898 angusto
755 1820 784 1877 in
799 1818 925 1879 edirsum
940 1819 1066 1880 licentiae
1080 1823 1206 1901 epatium
1219 1821 1278 1883 hoc
1292 1825 1336 1882 di·
1463 1861 1464 1888 ι

240 1923 343 1981 latare.
377 1918 437 1978 Sed
449 1919 506 1978 boc
521 1935 584 1977 suoe
598 1916 741 1996 cujusque
755 1916 934 1995 conjecturae
946 1917 1089 1996 relinquo.
1124 1919 1201 1978 Illud
1216 1920 1335 1999 quidem
1463 1955 1464 1994 ι

243 2037 302 2077 non
318 2027 364 2076 est
383 2025 418 2075 ut
437 2015 559 2075 inficiari
580 2033 695 2093 queam,
720 2011 814 2073 rideri
827 2012 973 2072 interdum
988 2013 997 2072 l
1012 2013 1082 2074 elidi
1098 2015 1176 2093 apud
1191 2017 1335 2076 comicum
1463 2011 1464 2084 l

242 2121 387 2184 nostrum,
407 2110 523 2189 quoties
546 2108 634 2170 adest
656 2127 818 2189 pronomen
839 2108 939 2169 ‘iller’
958 2120 992 2169 ut
1013 2110 1043 2168 in
1069 2109 1232 2171 Eunucho:
1254 2113 1338 2172 ‘Mu
1463 2101 1464 2104 ¹

242 2207 372 2269 nendum
386 2217 434 2268 est
446 2206 503 2265 soli
517 2205 580 2266 sine
593 2203 666 2263 inat
687 2204 759 2284 quid
774 2215 836 2264 tum
851 2214 955 2284 postea
965 2205 988 2263 l'
1027 2207 1060 2264 ln
1078 2207 1227 2267 Heauton.
1249 2213 1258 2242 ‘
1273 2207 1335 2266 Nec

241 2301 294 2364 tibi
316 2301 365 2362 ille
388 2314 434 2361 est
455 2299 574 2361 credere
589 2317 691 2369 ausus,
712 2317 780 2378 quaa
794 2309 841 2359 ert
853 2317 971 2378 aequom
985 2301 1082 2380 patri!
1121 2303 1154 2360 ln
1171 2303 1335 2382 Adelphis:

242 2397 343 2470 ‘Quid
368 2399 394 2458 is
418 2397 508 2458 lecit?
549 2396 609 2455 Ds.
631 2395 711 2464 Quid
725 2395 776 2456 ille
790 2395 915 2457 lecerit?
934 2416 1021 2476 quem
1037 2415 1132 2478 neque
1146 2397 1259 2478 pudet!
1301 2401 1334 2458 ln

243 2495 381 2576 Hecyra:
403 2495 493 2552 ‘Non
507 2492 560 2553 tibi
574 2493 648 2551 illud
663 2492 773 2552 iactum
788 2492 884 2552 minus
898 2491 997 2572 placet
1017 2511 1105 2573 qnam
1122 2493 1203 2564 mihi,
1218 2495 1336 2555 Lache!

242 2594 275 2652 ln
292 2589 488 2651 Phormione:
511 2587 584 2648 ‘Ille
607 2588 658 2667 qni
679 2587 761 2647 illam
786 2589 905 2648 amabat
927 2588 1087 2662 fidicinam,
1112 2591 1336 2663 tantummodo:

241 2693 298 2749 dre.
330 2689 407 2747 Sunt
419 2685 450 2745 id
466 2703 559 2766 genus
575 2693 715 2744 sexcenta
729 2684 808 2764 apud
822 2685 1001 2745 Terentium.
1037 2685 1141 2746 Fuisse
1154 2700 1252 2747 autem
1267 2705 1334 2747 cnm

241 2802 301 2844 non
324 2784 520 2863 geminaretur
544 2781 554 2840 l
576 2781 607 2840 in
630 2779 687 2840 hoc
709 2779 890 2858 pronomine,
915 2780 1016 2841 videor
1039 2799 1076 2841 ex
1100 2783 1169 2842 Sex.
1193 2783 1335 2862 Pompeio

241 2877 471 2958 deprehendisse
486 2879 561 2938 libro
576 2897 600 2938 r.
621 2877 819 2953 Παριλλειψει
832 2878 980 2938 contraria
994 2879 1089 2958 ligura
1103 2891 1150 2939 est
1163 2879 1336 2939 διπλασιασ-

239 2979 300 3057 μὸς,
322 2993 382 3054 qna
402 2975 468 3054 ipsa
491 2973 658 3054 frequenter
680 2973 773 3032 Polite
795 2973 888 3034 utitur
901 2975 939 3033 ad
954 2971 1175 3054 producendam
1190 2975 1334 3056 syllabam

240 3063 349 3150 alioqui
363 3073 480 3131 brevem
493 3089 501 3128 z
522 3079 559 3128 ut·
569 3069 599 3127 in
613 3066 758 3147 Adelphis
772 3067 960 3148 ‘relliquum’
974 3089 1038 3150 pro.
1053 3069 1207 3148 reliquum,
1221 3080 1253 3130 et
1265 3069 1334 3156 alibi

240 3165 380 3237 ‘rettuli,'
400 3164 553 3244 ‘repperi'
567 3175 657 3244 atque
672 3163 702 3224 id
716 3183 809 3244 genus
824 3166 891 3226 alia.
933 3165 993 3226 Sed
1009 3183 1178 3245 pergamus.
1221 3166 1248 3222 V
1260 3183 1335 3244 qno·

240 3279 298 3340 que
321 3271 535 3321 consonantem
557 3260 669 3319 Comici
693 3259 815 3338 perinde
837 3279 874 3320 ac
896 3261 1029 3321 vocalem
1049 3261 1080 3320 in
1095 3261 1192 3321 media
1204 3261 1334 3322 dictione

240 3356 374 3416 elidunt:
395 3355 476 3436 quod
487 3354 568 3435 apud
581 3356 749 3416 Terentium
763 3357 792 3415 in
807 3356 984 3418 dictionibus
1003 3356 1152 3418 ‘invidia'
1172 3367 1203 3416 et
1222 3359 1335 3417 ‘enim-

240 3453 327 3512 vero'
345 3452 407 3512 lieri
430 3452 584 3513 ridemus:
606 3452 685 3531 apud
705 3471 794 3532 quem
817 3454 915 3534 ipsum
936 3454 1063 3534 ‘cujus‚'
1081 3453 1209 3534 'hojum’
1230 3455 1336 3533 ‘ejua,'

239 3547 408 3628 similesque
421 3548 576 3628 particulae
590 3549 803 3630 monosyllabae
818 3551 878 3611 lere
893 3561 981 3610 sunt:
996 3549 1076 3630 quod
1090 3552 1132 3610 ita
1146 3550 1265 3610 demum
1277 3551 1335 3610 ire·

239 3665 334 3726 quens
358 3657 414 3717 est,
435 3657 541 3706 utnon
556 3656 656 3727 putem
671 3645 709 3706 da
723 3665 760 3707 eo
774 3647 955 3726 subjicienda
969 3647 1113 3726 exempla.
1156 3647 1234 3706 Illud
1258 3665 1334 3725 prae-

239 3753 319 3804 terea
333 3759 534 3823 sepenumero
548 3763 604 3804 usu
617 3743 707 3816 venit,
727 3753 761 3802 ut
779 3743 873 3822 prima
892 3759 994 3802 versus
1010 3741 1170 3820 sequentis,
1185 3743 1235 3821 qui
1250 3761 1268 3801 a
1284 3761 1335 3802 vo·

239 3839 295 3898 cali
309 3839 442 3918 incipiat,
465 3841 503 3900 ab
517 3837 621 3898 ultima
634 3837 790 3918 superioria
805 3839 995 3898 absorbeatur
1007 3857 1015 3905 ς
1037 3836 1118 3896 relat
1131 3837 1161 3896 in
1172 3837 1247 3898 ilio:
1268 3845 1277 3874 ⁶
1291 3838 1335 3896 lix

241 3935 354 3995 Graecis
367 3935 454 3996 bonis
469 3935 589 3994 Latinas
611 3935 682 3994 fecit
703 3953 764 3994 non
788 3935 881 3994 bonas
893 3936 912 3994 ε’
931 3934 981 3995 ubi
1002 3934 1085 3993 ‘Ex'
1105 3935 1278 3994 absorbetur
1297 3935 1334 3995 ab

239 4029 363 4090 adverso
384 4029 501 4102 ‘male'
521 4049 582 4110 quo
597 4047 697 4090 versus
711 4031 882 4111 praecedens
897 4031 1055 4091 clauditur.
1099 4029 1137 4089 Et
1155 4030 1185 4089 in
1205 4029 1334 4110 Prologo

240 4125 384 4204 Hecyroe:
406 4125 492 4204 ‘Ego
506 4127 619 4186 interea
631 4145 728 4185 meum
742 4143 802 4185 non
816 4127 898 4204 potui
912 4125 1000 4186 tutari
1016 4125 1135 4186 locum?
1175 4125 1260 4185 Prior
1274 4127 1335 4205 syl-

239 4221 308 4279 laba
329 4219 361 4278 in
378 4223 550 4301 pronomine
572 4231 579 4258 ⁸
593 4221 678 4302 Ego'
699 4223 826 4301 pertinet
841 4222 1009 4284 adversum
1025 4222 1213 4302 superiorem.
1254 4223 1336 4282 Con·
