2948 4890
244 366 307 432 162
541 377 676 428 :unlus
699 375 827 427 onaan
851 375 1038 424 scasrcna

242 541 346 584 versus
361 529 412 581 aut
425 520 522 599 ipsum
545 517 710 598 disjecisse,
732 527 784 576 eut
806 515 928 578 aliorum
953 517 1067 578 incuria
1090 513 1204 576 solutos
1218 527 1335 596 praeter·

243 621 314 680 isse.
357 616 406 676 Sic
421 615 498 674 enirn
513 613 632 696 legendi
648 623 738 674 sunt:
768 613 866 681 ‘Quid
883 613 973 673 tristis
987 611 1044 672 esi
1075 614 1185 691 rugiam
1206 633 1264 685 me,
1289 615 1336 674 ubi

247 713 333 772 nobis
348 710 507 772 AEschinus
529 711 602 783 Siet,
616 710 688 788 quid
703 709 794 768 tristis
808 727 865 787 ego
879 707 957 768 simi
977 707 1077 768 dixine
1091 709 1149 770 hoc
1161 707 1246 768 toret
1266 710 1337 787 quid

241 810 267 868 is
284 805 390 866 Feciti
410 805 482 884 quid
496 805 544 866 ille
558 804 680 866 lecerit?
701 823 789 884 quem
800 823 895 883 neque
910 803 1021 883 pudet?
1061 804 1119 862 Ubi
1129 804 1336 876 verbum,siet,

242 903 331 964 unica
344 903 458 981 syllaba
481 910 652 962 concretum
677 901 719 960 iit.
762 901 811 960 Sic
835 900 922 960 etiam
947 919 984 958 ex
1007 899 1127 958 Andriae
1146 899 1197 958 illo
1219 899 1337 960 sibilum

242 997 373 1070 abstulit,
387 1017 447 1058 non
467 995 546 1056 unde
569 996 692 1056 debuit:
722 995 818 1064 ‘Quis
842 996 931 1074 igitur
953 1005 999 1054 est
1023 995 1142 1056 relictus
1162 993 1338 1074 objurgandi

240 1091 365 1154 locusl'
406 1091 540 1166 Sibilnm,
554 1091 659 1170 inquit,
673 1091 702 1149 in
717 1090 901 1170 pronomine,
927 1090 1011 1162 Quis,
1033 1090 1162 1150 eliditur.
1204 1092 1245 1150 A:
1259 1107 1338 1160 vero,

242 1205 310 1250 cum
324 1187 490 1248 necessario
511 1185 654 1246 iambicus
681 1187 729 1261 sit,
753 1185 836 1244 nullo
855 1195 944 1264 pacto
958 1185 998 1244 ad
1022 1205 1088 1244 eum
1102 1183 1222 1244 modum
1236 1203 1338 1244 secare

240 1283 349 1361 possis,
364 1281 419 1342 sed
431 1303 468 1342 ex
489 1280 645 1362 participio
659 1279 809 1341 tollendos
823 1291 879 1340 est.
922 1278 1028 1340 Sedet
1051 1279 1132 1338 illum
1146 1278 1223 1340 male
1245 1277 1338 1340 dimc·

240 1378 313 1448 titur
335 1386 400 1436 est:
433 1375 540 1448 ‘Perii
567 1377 710 1436 obsecro:
738 1386 799 1436 tam
823 1373 977 1434 infandum
999 1374 1114 1434 lacinus
1138 1391 1205 1433 mea
1229 1383 1273 1446 tu,
1298 1393 1336 1436 ua

242 1471 341 1535 andivi
355 1471 495 1552 quidem!
535 1471 631 1540 Quem
646 1471 717 1532 dicit
739 1488 806 1530 esse
828 1469 1006 1532 trocheicum
1021 1468 1245 1530 catalecticum:
1267 1489 1335 1530 cum

240 1567 280 1628 sit
301 1568 415 1646 integer
440 1565 602 1646 quadratus
629 1565 783 1636 iambicus,
810 1585 907 1644 neque
932 1564 971 1625 ad
998 1565 1179 1626 trocheicum
1203 1565 1335 1643 torqueri

239 1663 344 1743 possit.
375 1661 460 1724 Sicut
469 1672 500 1738 et
513 1662 729 1742 procedentem
743 1661 845 1721 iilum:
868 1662 977 1722 ‘Forte
992 1659 1031 1720 ad
1045 1679 1100 1720 noa
1113 1658 1250 1719 redierit:
1273 1661 1335 1722 vise

239 1759 346 1818 ammo
360 1777 429 1821 num
440 1757 478 1818 sit
484 1757 564 1836 jam:
589 1759 657 1818 iaso
671 1757 770 1818 scias.'
795 1759 882 1829 Nam,
896 1767 930 1816 ut
943 1756 1082 1818 eraderet
1092 1755 1332 1835 amphimacrum,

239 1862 354 1912 nonest
363 1853 473 1912 ueritus
482 1852 596 1914 trabere
606 1853 651 1912 aui
660 1852 801 1912 trochaici
816 1851 941 1912 caudam
953 1852 1039 1912 eriam
1051 1853 1126 1910 ultra
1138 1862 1207 1912 octo
1218 1849 1330 1929 pedes:

239 1949 295 2013 nisi
308 1955 435 2026 argutat,
446 1949 537 2022 scias,
558 1967 623 2010 esse
638 1948 892 2029 monosyllabum:
915 1948 978 2020 sed,
1002 1969 1070 2008 cum
1084 1967 1187 2008 omnes
1209 1949 1251 2008 illi
1273 1948 1334 2008 sint

238 2042 384 2124 quadrati,
398 2043 485 2104 etiam
498 2043 579 2105 bunc
600 2045 757 2104 iambicum
780 2044 891 2115 malim,
913 2044 996 2104 nulla
1018 2044 1096 2104 facta
1111 2044 1139 2102 in
1154 2043 1248 2123 prima
1262 2061 1333 2104 voce

238 2138 409 2214 collisione:
431 2137 519 2206 ‘Quo
533 2139 582 2198 ille
596 2140 676 2200 abire
690 2139 814 2219 ignaros
828 2139 924 2218 possit
939 2137 1066 2218 longius,
1081 2138 1137 2196 uisi
1151 2139 1176 2197 si
1191 2137 1334 2199 domum!

238 2235 274 2294 ln
288 2233 417 2313 Prologo
432 2244 530 2294 autem
541 2234 673 2308 Andriae,
687 2254 723 2296 eo
738 2254 823 2295 versu
837 2255 844 2294 :
868 2242 876 2270 ⁴
888 2235 915 2294 N
918 2254 963 2294 am
977 2235 1007 2316 in
1021 2233 1152 2314 prologis
1167 2233 1331 2296 scribundis

239 2349 360 2410 operam
387 2330 515 2390 abutitur
527 2330 545 2391 :’
573 2350 641 2391 cum
670 2330 781 2390 diceret
807 2329 889 2390 vocis
909 2329 1008 2408 hujus,
1039 2329 1181 2408 prologis,
1207 2329 1331 2406 primam

238 2425 383 2504 syllabam
397 2443 464 2484 esse
478 2443 497 2484 ε
510 2424 646 2484 Terentio
664 2423 849 2502 productam,
864 2423 980 2483 addidit
994 2442 1065 2482 sane
1080 2424 1222 2482 rationem
1244 2422 1332 2483 irivo-

237 2520 316 2578 lam:
350 2518 462 2591 Latina,
481 2518 587 2598 inquit,
602 2517 836 2580 consuetudine:
866 2519 973 2598 quibus
987 2536 1051 2576 mos
1075 2527 1121 2577 est
1137 2535 1202 2576 eam
1216 2537 1331 2599 prmpo·

237 2614 371 2674 :itionem
392 2613 567 2693 productam
591 2612 709 2672 habere.
752 2613 828 2672 Nam
853 2613 883 2671 in
909 2611 1019 2672 Latinis
1034 2613 1129 2674 serbis
1154 2612 1330 2691 producant,

236 2709 267 2770 in
283 2709 396 2772 Graccis
411 2717 509 2768 autem
524 2707 704 2781 obstineant,
722 2707 777 2767 nisi
790 2707 849 2768 alia
861 2707 905 2766 ris
920 2707 1032 2768 subsit:
1054 2708 1131 2768 sicut
1144 2709 1238 2768 iubae
1247 2727 1330 2781 voce,

236 2806 287 2866 ubi
297 2803 409 2884 liquida
419 2803 471 2864 illa
481 2805 657 2884 geminatur,
667 2804 780 2866 sicutin
791 2804 1142 2866 Heautontimorumeno:
1157 2803 1328 2864 ‘Oratorem

236 2899 329 2962 voluit
342 2919 409 2960 esse
423 2919 481 2970 me,
496 2919 556 2960 non
569 2899 736 2980 prollogum
747 2901 774 2959 :’
795 2911 825 2960 et
839 2920 876 2960 ex
890 2900 1019 2980 Prologo
1032 2897 1219 2960 Truculenti:
1250 2897 1329 2960 ‘Sed

235 2995 390 3074 relliquam
401 2993 455 3058 dat
467 3015 596 3076 operam,
610 3017 647 3055 ne
662 2997 701 3056 sit
715 2996 880 3076 reliquom'
920 2999 959 3057 Et
973 2997 1042 3058 ilio:
1063 2998 1125 3057 ‘Ut
1148 2996 1329 3076 pernoscatis
1354 3011 1366 3026 ⁴
1466 3029 1467 3040 κ

235 3091 343 3171 ecquid
369 3093 431 3170 spei
446 3093 485 3150 sit
509 3090 673 3171 reliquum:
724 3093 810 3166 Nam,
835 3094 892 3154 nisi
916 3093 973 3152 hoc
1001 3091 1079 3152 soliti
1105 3101 1206 3150 essent
1222 3089 1328 3162 lacere,

235 3185 315 3246 mille
329 3186 395 3246 alise
408 3187 464 3246 vim
478 3197 562 3246 erant
576 3187 614 3248 ad
635 3188 738 3250 eadem
754 3209 841 3271 paene
854 3190 943 3250 rerba
957 3207 1042 3248 versu
1057 3185 1275 3258 concludenda,
1295 3195 1329 3246 nt

234 3299 412 3360 remnoram
434 3281 566 3342 evitaret.
608 3281 717 3343 Verum
742 3303 820 3344 nora
842 3303 1027 3362 nequaquam
1040 3292 1122 3344 arat:
1140 3279 1197 3340 sed
1212 3283 1250 3340 ab
1265 3280 1327 3341 Ho-

233 3393 313 3435 mero
327 3394 443 3454 usque:
464 3394 533 3434 nam
557 3375 586 3434 in
603 3377 728 3456 Hymnis
753 3382 849 3457 μέλος,
869 3379 899 3436 in
926 3378 1018 3438 Iliade
1033 3379 1146 3453 dtdpra,
1170 3389 1258 3457 atque
1271 3377 1328 3438 alia

232 3469 382 3552 produxit.
424 3469 579 3549 Etiamque
603 3490 683 3532 nnuc
704 3473 806 3532 multae
821 3474 956 3533 nationes
981 3473 1056 3533 adeo
1071 3491 1171 3534 crasse
1185 3491 1249 3532 eam
1263 3473 1328 3532 lire-

232 3585 295 3626 rem
309 3565 508 3646 pronuntient,
520 3576 554 3626 ut
566 3567 647 3628 intus
658 3587 724 3628 ease
735 3569 874 3649 aspiratio
886 3569 1018 3630 videatur
1030 3591 1039 3638 ς
1061 3567 1181 3638 Gabali,
1194 3567 1327 3639 Arverni,

234 3661 344 3748 Graeci,
357 3660 506 3733 Germani,
529 3661 662 3741 Ligures,
676 3664 805 3724 Taurini.
846 3665 983 3725 Ceterum
1005 3665 1094 3726 etiarn
1108 3663 1166 3722 clia
1181 3662 1256 3722 ratio
1270 3673 1326 3724 cat·

232 3769 267 3819 ut
293 3768 324 3818 et
356 3776 458 3818 versus
494 3756 541 3818 ille
577 3758 697 3838 Prologi
722 3771 850 3834 constet,
888 3781 984 3840 neque
1008 3759 1121 3839 liquida
1152 3759 1327 3838 geminetur.

234 3855 323 3928 Sane,
345 3853 370 3913 si
396 3872 460 3914 eam
475 3873 587 3928 vocem,
611 3875 678 3935 qum
702 3857 732 3916 in
747 3876 782 3917 eo
796 3878 883 3919 versu
904 3859 999 3938 prima
1020 3866 1076 3928 est,
1098 3873 1157 3914 non
1181 3853 1324 3914 collidas:

232 3947 312 4029 quod
328 3967 407 4027 ssape
421 3949 490 4008 alibi
504 3959 535 4009 et
548 3951 577 4009 in
592 3971 638 4024 ca,
657 3961 688 4012 et
701 3954 731 4012 in
746 3954 811 4014 aliis
825 3954 988 4014 factitatum
1002 3964 1047 4012 est
1061 3971 1069 4011 :
1091 3950 1169 4010 sicut
1181 3952 1211 4010 in
1226 3950 1325 4009 Eunu·

231 4043 305 4104 cho:
328 4051 335 4078 ⁸
350 4044 416 4104 Una
428 4045 469 4106 ire
483 4064 549 4105 cum
564 4048 661 4108 amica
672 4048 875 4130 imperatorem
900 4049 930 4109 in
944 4049 992 4108 via
1005 4048 1031 4107 :'
1060 4047 1089 4106 in
1105 4044 1235 4106 secunda
1246 4050 1325 4108 enim

232 4137 304 4230 sede
318 4137 453 4220 dactylus
465 4149 522 4214 est,
535 4160 631 4224 neque
641 4145 811 4226 propositio
826 4145 993 4208 colliditur:
1023 4144 1065 4204 ita
1083 4141 1114 4202 in
1137 4139 1188 4202 illo
1212 4141 1238 4200 si
1251 4157 1324 4202 con-
