3012 4892
419 403 466 452 na
488 401 692 452 roaooenra
718 401 763 450 ar
785 403 974 453 conmori.
1199 391 1242 456 rt

147 546 224 605 duca
234 543 351 604 scilicet
363 543 545 616 Groecornm,
555 555 586 606 at
593 543 717 606 totidem
729 545 1006 619 Latinorum,duccr
1015 557 1152 626 quartum
1163 547 1242 608 hunc

149 643 298 702 nominare
313 659 376 700 non
390 639 515 712 dubitat,
528 640 587 718 hoc
600 640 721 702 ordine:
744 643 913 714 Homerum,
929 641 1093 722 Virgilium,
1115 643 1242 702 Manan-

147 736 243 805 drum,
259 736 448 795 Terentium:
469 755 558 814 qnam
577 737 634 796 ribi
646 736 849 798 excellentiam
871 757 931 797 non
946 739 1015 819 atyii
1029 739 1161 798 attribuit
1173 739 1242 799 alti·

146 833 230 902 tndo,
243 850 307 909 qua
320 849 340 890 a
352 829 452 890 multia
466 849 525 890 non
544 831 632 892 dubia
645 841 676 892 ct
689 831 855 892 Menander
876 832 957 912 apud
971 852 1040 892 ouon
1054 833 1190 906 vincitur,
1210 845 1241 894 at

146 927 303 987 Terentina
315 925 395 1004 apud
409 935 538 999 amnon,
551 938 583 986 et
595 945 662 1006 qum
674 927 705 986 in
719 927 879 988 Gornoediia
890 946 951 988 non
964 927 1052 988 modo
1063 947 1122 986 non
1136 947 1241 990 necea·

148 1023 234 1094 caria,
256 1021 312 1080 aed
335 1021 506 1102 piarumque
528 1022 616 1082 atiaru
631 1021 734 1082 ritiora
750 1031 808 1083 ort.
850 1021 930 1091 Quid
952 1042 1022 1100 ergo
1045 1023 1239 1084 humanorum

146 1137 261 1178 morum
275 1128 381 1178 exacta
394 1117 499 1178 notitia
512 1128 543 1178 ct
556 1117 630 1178 ordo
651 1119 827 1180 namationia
841 1119 878 1178 ab
894 1119 959 1199 ipro
980 1119 1123 1179 Cicerone
1136 1118 1240 1180 lauda-

148 1227 205 1284 tur,
219 1223 252 1272 at
265 1212 334 1294 atyii
345 1213 518 1292 jucnnditas
532 1233 568 1274 ac
581 1213 695 1293 gratini
722 1207 782 1274 sod
799 1233 887 1292 anper
900 1213 1050 1284 omniumr
1063 1213 1240 1292 quibusdam

146 1309 256 1388 placet,
271 1305 337 1368 sola
359 1309 521 1388 proprietas
536 1308 601 1369 haec
615 1309 704 1376 iacitr
734 1317 769 1368 ut
791 1309 869 1374 anim
891 1307 985 1388 primo
1006 1307 1137 1368 AEncr'dia
1160 1327 1240 1368 com·

145 1413 246 1464 manto
259 1404 301 1464 ait
314 1403 445 1476 Servius,
458 1403 611 1464 sciendum
624 1415 671 1464 eat
686 1403 854 1464 Terentium
871 1413 990 1484 propter
1004 1402 1096 1464 roiam
1111 1405 1240 1484 propria-

146 1507 236 1561 tatcm
260 1499 399 1570 omnibus
423 1498 552 1559 Cornicis
579 1517 645 1562 crac
673 1498 849 1578 prelatum:
883 1499 988 1578 quibua
1012 1509 1069 1572 art,
1095 1511 1238 1578 quantum

147 1592 319 1673 spectaturi
333 1603 442 1664 catara,
456 1593 584 1654 inferior.
625 1592 714 1663 Quod
726 1594 861 1654 ultimum
876 1593 1022 1666 omnibns,
1044 1613 1120 1672 quoa
1139 1594 1238 1674 legare

145 1689 238 1767 potui,
250 1689 533 1748 commentatoribus
559 1687 702 1762 excurrit,
726 1688 818 1748 Servii
840 1687 923 1750 caira
937 1707 1009 1767 paca
1022 1707 1081 1747 oon
1097 1693 1237 1770 approbo.

147 1783 220 1844 iioec
244 1781 293 1843 vai
317 1782 357 1842 ad
379 1782 512 1842 notitiam
536 1781 713 1856 habandam,
735 1782 782 1844 rei
805 1783 845 1844 ad
868 1801 994 1846 errorem
1019 1783 1238 1864 declinandum,

145 1880 270 1940 breviter
282 1879 323 1940 da
336 1871 474 1941 Terentio
488 1879 569 1940 dicta
582 1891 680 1942 sunto.

327 2371 394 2436 DE
414 2369 685 2438 TRAGOEDIA
708 2373 769 2438 m·
790 2371 1051 2440 COMOEDIA.¹

185 2557 222 2618 ln
228 2575 331 2616 irrora
347 2555 512 2635 Tragoedira
526 2567 558 2618 et
570 2555 729 2618 Commdioe
745 2559 860 2618 arabus
874 2557 980 2618 divinia
994 2567 1041 2618 eat
1050 2559 1237 2621 inchoatum:

146 2653 251 2731 quibus
274 2671 330 2730 pro
353 2652 496 2712 frncbbua
520 2661 589 2712 vota
609 2653 757 2712 aolrantcr
779 2655 976 2734 operabantur
996 2655 1118 2735 antiqui.
1160 2657 1238 2716 Nam

149 2747 277 2808 incensio
295 2748 360 2826 jam
373 2747 525 2820 altaribus,
538 2757 569 2808 at
583 2745 704 2807 admoto
721 2747 813 2819 hirco,
836 2747 867 2807 id
882 2767 977 2826 genua
990 2749 1136 2820 carminis,
1156 2749 1239 2828 quod

149 2861 231 2904 uacar
243 2843 353 2904 choma
372 2841 516 2902 reddebat
539 2841 643 2902 Libero
666 2843 753 2922 patri,
774 2841 932 2921 Tragmdia
944 2842 1106 2913 dicebatur,
1123 2843 1168 2904 rel
1181 2845 1238 2904 bri

146 2947 194 2998 τοῦ
205 2942 314 3017 τράγου
330 2941 377 2999 rot
389 2948 437 3009 intr
449 2937 546 3020 pons?
565 2938 623 3000 hoc
637 2949 694 3012 art,
719 2937 756 2998 ab
770 2936 862 3011 hirco,
886 2938 971 2998 horta
992 2938 1164 3012 vinearum·
1175 2949 1238 3001 cta

147 3034 305 3096 cantilena.
347 3033 420 3114 Ejus
444 3034 537 3114 ipriua
551 3034 593 3094 rai
615 3032 695 3115 apud
708 3033 861 3114 Virgilium
874 3033 1140 3116 pianaiitmantio.
1181 3035 1237 3096 Vei

144 3128 226 3211 qnod
247 3129 330 3190 hirco
355 3128 522 3190 donabatur
544 3129 608 3208 ejus
634 3129 770 3191 carmini·
784 3131 891 3210 pobta:
922 3130 968 3192 rel
990 3129 1071 3211 quod
1098 3131 1237 3213 utarejua

146 3224 234 3285 murti
246 3223 352 3305 planca
368 3223 488 3286 solenne
502 3224 653 3305 premium
675 3225 845 3285 cantoribua
869 3225 983 3285 inerat:
1015 3223 1061 3284 vel
1081 3225 1161 3306 quod
1185 3246 1238 3288 cra

176 3441 275 3494 loun
286 3439 560 3507 bicda‘l'ragoediaat
572 3441 673 3493 corooe·
712 3443 822 3509 ronyrn.)
839 3445 896 3494 hac
916 3444 997 3495 rerba
1018 3441 1110 3495 afferat
1130 3443 1237 3496 nnana·

145 3515 188 3566 dia
206 3515 367 3580 raicmntur,
382 3533 414 3568 aa
435 3533 496 3581 non,
514 3524 544 3568 nt
564 3519 618 3582 aiii,
639 3533 673 3570 ax
712 3517 1237 3585 Acumenrtrgrmmaatinmanrerru

145 3592 262 3644 Cornuto
273 3594 314 3644 rai
330 3593 555 3660 Aoprodcaunrta,
572 3594 619 3645 aad
639 3607 672 3646 ax
711 3595 890 3646 Tarantimirr
910 3595 1059 3647 ‘concinna
1079 3603 1238 3660 argurnaato,

144 3669 267 3719 Erantbii
290 3669 483 3721 commentario
505 3671 531 3722 la
553 3670 673 3722 Terenti·
712 3671 898 3723 cononatodtna
916 3685 1037 3737 congrua,
1053 3672 1123 3722 utilia
1134 3679 1237 3722 cantan-

144 3743 493 3797 muloeumarbitror.
525 3745 672 3812 Ejurccqua
711 3747 763 3812 tiir,
780 3745 972 3812 grataaalibnr,
994 3753 1056 3812 apta
1071 3745 1173 3798 metro!
1200 3747 1236 3796 Et

144 3819 182 3868 rai
198 3819 419 3870 cridantiuimnnr
437 3827 614 3885 argumentum
623 3827 672 3886 art,
711 3831 803 3888 portua
824 3825 878 3874 ric:
899 3825 1036 3887 ‘Vctcran
1055 3823 1105 3872 etri
1125 3822 1165 3872 nai
1185 3819 1237 3886 ipai

145 3895 212 3959 qnod
223 3895 272 3946 aab
282 3896 359 3960 bujnr
371 3895 537 3946 aruditirtinri
547 3911 671 3960 gramma·
711 3897 928 3963 quoqocmctrir,'
945 3899 994 3948 &a
1027 3897 1092 3948 Qua
1109 3895 1237 3960 ipritrirna

144 3970 188 4020 rici
208 3971 312 4021 nomina
328 3969 417 4037 (quem
435 3969 527 4022 itrdam
542 3986 600 4023 conr
617 3973 670 4023 Do·
710 3972 737 4022 in
747 3973 818 4024 birca
828 3971 1020 4035 Protagomcnir
1030 3972 1237 4035 nnuclcgnntnr.

160 4055 204 4094 ato
230 4043 671 4113 temporibru,lrocaat,015mp.
709 4046 782 4096 Hau.

145 4123 199 4170 28⁵.
218 4128 345 4185 regnanto
367 4119 520 4172 Constantio
538 4122 587 4174 fo.
603 4122 671 4173 Con·
741 4120 820 4172 Hui
834 4120 1147 4188 roirffirliinccxbiar.
1162 4123 1234 4176 addi·

145 4195 259 4258 atuatici,
281 4197 310 4248 C.
327 4195 360 4248 Ρ.
376 4195 494 4251 floraiarc
515 4205 589 4250 notat
609 4197 671 4250 Hie·
711 4203 774 4252 tum.
790 4197 828 4250 la
