2948 4890
552 439 599 484 ns
623 437 813 487 'rasuram
1187 423 1231 490 75

121 579 422 650 contabulationibus,
436 581 461 638 si
479 579 583 652 mavis,
597 591 747 641 exstructa
761 581 833 640 luit:
855 581 933 640 circa
947 599 1021 660 qaas
1037 581 1155 660 singula
1169 599 1230 641 sm.

121 676 255 747 bulacra,
282 686 335 734 aut
360 675 492 755 porticus
524 677 670 737 columnis
699 677 832 756 pluribus
868 676 1014 736 distinctis
1043 676 1228 737 videbantur.

123 776 222 850 Atque
236 792 273 831 ea
286 772 369 831 frons
384 791 483 831 scente
497 771 648 851 appellata
662 772 728 832 luit.
772 772 806 832 ln
820 771 978 850 cujuslibet
995 773 1227 850 contignationis

122 868 318 948 frontispicio,
329 867 413 946 qnod
427 867 586 928 Theatrum
602 869 787 947 respiciebat,
812 880 906 948 portua
926 869 1161 947 ingeniosissime
1175 869 1228 929 de·

121 965 211 1044 pictae
226 975 258 1022 ct
271 965 368 1022 esitus
382 964 456 1023 varii
470 964 599 1034 luerunt,
614 964 643 1021 in
656 964 771 1041 quibus,
783 963 945 1042 praesertim
961 964 1141 1041 superiorum
1156 985 1228 1024 con·

123 1059 332 1139 tignationnm,
348 1059 443 1129 Mimi,
467 1059 672 1128 Mirmillones,
695 1068 725 1118 et
748 1058 837 1118 ceteri
862 1055 945 1117 Lndii
961 1059 1054 1117 varios
1073 1071 1176 1138 gastus
1189 1079 1224 1122 ao

123 1153 368 1233 gesticulationes
382 1153 521 1226 edebant,
531 1153 611 1212 unde
621 1153 738 1213 Scenici
751 1153 865 1234 proprie
876 1152 958 1214 dicti.
1000 1154 1115 1214 Chorus
1129 1157 1228 1230 edam,

123 1271 190 1312 mea
212 1251 375 1323 sententia,
405 1249 433 1309 in
459 1250 494 1309 iis
516 1249 715 1330 superioribus
742 1251 1015 1330 contignationibus
1040 1251 1227 1326 miscebatur,

124 1347 194 1408 dnm
210 1357 373 1427 agerentur
393 1346 570 1426 Tragoediae,
584 1346 640 1406 nisi
661 1347 764 1418 runcis,
789 1358 858 1426 post
872 1367 991 1406 scenam
1007 1347 1035 1406 in
1052 1347 1118 1408 loco
1134 1348 1227 1408 desti·

124 1454 195 1504 nato
210 1443 306 1504 fuisse
320 1443 453 1515 chorum,
468 1453 499 1502 et
511 1453 647 1502 cantores
667 1461 702 1502 ac
716 1442 863 1515 tibicines,
888 1443 937 1520 qui
952 1441 1035 1504 locus
1050 1443 1180 1517 Odeum,
1194 1455 1229 1504 ut

124 1551 208 1617 puto,
223 1541 263 1599 ob
279 1539 310 1598 id
332 1539 494 1598 vocabatur
507 1559 525 1598 a
539 1539 687 1598 cantibus.
730 1538 791 1598 Sed
805 1540 834 1598 in
849 1539 884 1598 iis
899 1559 1016 1618 quoqne
1031 1539 1104 1600 locis
1117 1541 1228 1600 habant

125 1647 154 1696 et
178 1635 356 1695 nebularum
381 1637 493 1708 icones,
518 1646 548 1694 ct
572 1635 702 1694 Deorum
717 1636 890 1706 descensus,
911 1645 943 1696 et
960 1645 1060 1696 cetera
1073 1635 1103 1694 id
1119 1657 1226 1722 genus,

124 1731 161 1791 ad
186 1751 313 1812 magnas
336 1744 368 1792 et
390 1743 558 1793 sumtuosas
584 1731 753 1792 Comoedias
780 1741 859 1812 apta.
902 1731 1045 1792 Existimo
1069 1741 1167 1792 tamen
1196 1732 1225 1792 in

124 1827 227 1888 humili
257 1828 414 1888 Gomoedia
449 1849 507 1890 non
539 1829 630 1889 luisse
662 1841 776 1890 tantum
803 1839 988 1910 apparatum.
1041 1830 1104 1890 lma
1128 1847 1226 1889 scerroe

125 1925 313 2004 contignatio
338 1925 585 2004 prominentiores
616 1927 754 1988 exerebat
787 1927 952 1998 columnas,
976 1927 1065 1988 relati
1096 1926 1225 2008 porticus

125 2019 271 2102 quasdam
294 2021 415 2081 latiores
430 2023 486 2080 sub
501 2023 606 2102 quibus
621 2022 733 2082 casnlae
756 2032 787 2082 et
800 2023 1074 2100 rusticandomicilia
1088 2026 1116 2084 in
1133 2022 1225 2083 Novis

125 2117 299 2189 Comoediis,
310 2117 398 2176 variis
414 2137 512 2178 scenas
534 2118 617 2190 locis,
636 2130 806 2180 constructa
828 2131 923 2192 erant,
943 2123 1029 2180 urbes
1044 2140 1172 2200 quoque,
1195 2131 1226 2180 et

124 2214 189 2275 loca
203 2213 403 2274 remotissima
415 2214 615 2275 referebantur
636 2215 666 2272 in
680 2215 864 2294 Tragoediis:
895 2235 912 2276 e
936 2217 1043 2294 quibus
1067 2215 1226 2296 prodibant

125 2321 251 2382 actores,
267 2322 297 2369 et
308 2309 378 2369 illuc
393 2329 512 2390 quoque
527 2329 559 2370 sc
574 2310 739 2370 referebant
752 2310 791 2370 ad
808 2323 935 2390 tempus.
966 2313 998 2370 ln
1011 2313 1116 2372 eadem
1127 2331 1226 2374 scente

124 2417 206 2487 parte
226 2405 387 2464 excitatum
411 2405 475 2476 luit,
496 2405 576 2485 quod
599 2405 724 2491 l’odiunr
746 2408 947 2488 appellabant,
967 2409 1036 2488 (etsi
1061 2407 1180 2488 podium
1195 2409 1225 2467 in

125 2503 271 2564 columnis
279 2501 310 2563 id
324 2501 490 2580 significare
505 2503 611 2574 soleat,
624 2501 705 2582 quod
718 2513 825 2562 vocant
834 2503 1073 2581 Pedaste,)circa
1083 2505 1224 2565 secundia

125 2601 256 2679 porticus
271 2597 400 2658 medium
421 2598 614 2678 prominebat,
638 2617 675 2657 ne
698 2609 818 2658 noceret
840 2601 997 2660 actoribus.
1040 2600 1135 2662 Breve
1150 2620 1225 2680 quo-

127 2717 182 2776 qne
195 2695 263 2768 luit,
276 2709 307 2756 et
320 2712 481 2774 paucorum
495 2714 600 2776 capax,
616 2693 706 2775 idque
726 2695 787 2754 lere
800 2695 955 2756 videbatur
969 2697 1085 2768 referre,
1099 2695 1180 2776 quod
1195 2698 1226 2756 in

126 2793 260 2870 aedificiis
287 2791 475 2851 nobilioribus
497 2792 575 2852 circa
598 2789 760 2850 secundam
794 2792 943 2870 praecipue
974 2790 1226 2868 contignationem

126 2890 290 2969 prominere
315 2886 447 2948 videmus
469 2887 508 2946 ad
539 2887 696 2958 fenestras,
720 2885 879 2946 Patronem
903 2885 1009 2966 vulgus
1034 2895 1132 2958 vocat,
1156 2896 1226 2967 post

126 2985 272 3066 pulpitum
296 2995 428 3045 exertum
454 2982 617 3044 videbatur.
671 2981 811 3062 Opertum
844 2993 907 3042 erat
943 2985 1070 3043 tentorio
1095 2983 1226 3062 quodam

127 3079 247 3161 insigni,
262 3091 293 3139 et
307 3078 388 3158 quod
402 3080 498 3158 ipsum
513 3077 719 3158 undecumque
741 3079 874 3152 ambiret,
890 3089 923 3138 ut
937 3079 966 3138 in
982 3099 1018 3140 eo
1032 3077 1174 3140 secretins
1195 3089 1227 3139 et

127 3177 222 3258 magis
236 3177 336 3237 abdite
351 3185 521 3257 spectarent
535 3175 699 3255 Principes,
713 3176 765 3254 qui
789 3195 1001 3256 nonnunquam
1023 3177 1092 3237 illuc
1107 3195 1138 3236 se
1153 3193 1226 3236 oon·

127 3275 270 3334 ferebant.
325 3273 440 3332 Name
470 3271 560 3352 podio
585 3271 683 3330 Ludos
704 3289 739 3330 ac
764 3271 931 3332 Comoedias
958 3283 1109 3354 spectasse
1133 3269 1226 3334 Nero·
1354 3284 1358 3292 ‘

128 3389 193 3430 nem
209 3369 312 3430 scribit
333 3367 532 3448 Tranquillus.
575 3368 695 3428 Dictum
721 3369 813 3442 aiunt,
835 3367 915 3448 quod
940 3369 970 3428 in
991 3389 1027 3430 eo
1041 3379 1224 3450 spectatores

128 3468 282 3526 autetiam
295 3465 430 3525 tibicines
452 3465 576 3544 pedibus
588 3464 679 3525 innixi
693 3475 804 3536 esseut,
825 3484 886 3525 non
905 3465 1060 3526 sederent:
1082 3465 1128 3526 vel
1143 3463 1224 3544 quod

128 3563 156 3620 in
170 3583 208 3622 eo
229 3581 442 3641 nonnunquam
458 3562 582 3641 pedibus
605 3561 852 3641 gesticularentur
874 3561 1030 3622 histriones
1056 3563 1085 3621 in
1105 3571 1224 3622 actuum

127 3659 369 3720 commutatione.
399 3657 550 3739 Pulpitum
564 3658 592 3718 in
606 3677 706 3732 scena,
717 3659 831 3737 (Graeci
843 3661 943 3734 λόγων
957 3660 1126 3734 vocabant)
1140 3659 1224 3718 locus
1266 3713 1268 3716 .

127 3763 190 3814 erat
203 3753 235 3813 in
249 3775 336 3834 quern
349 3755 507 3835 prodibant
522 3765 637 3816 actores
651 3775 668 3814 e
689 3755 799 3816 casulis
814 3766 866 3815 aut
880 3754 1067 3815 domunculis
1082 3755 1144 3812 suis
1159 3769 1226 3814 sce·

128 3849 480 3923 uicis,adrecitsndnm:
505 3851 922 3930 nostrirocantEschuffsalt.
958 3849 1026 3909 Fuit
1036 3848 1223 3909 exactissime

128 3949 214 4010 situm
229 3959 300 4008 ante
313 3948 439 4009 frontem
455 3969 564 4022 scente,
578 3959 608 4010 et
621 3949 688 4010 loco
702 3947 795 4030 ipsius
809 3945 918 4018 medio,
932 3946 982 4024 qni
993 3945 1111 4004 'l'beatri
1122 3955 1224 4006 centro

127 4045 342 4126 responderet;
364 4063 477 4124 semper
490 4043 619 4124 ligneum
635 4045 699 4118 luit,
713 4055 802 4122 atque
824 4041 970 4114 exemtile,
985 4041 1072 4102 etiam
1094 4041 1118 4100 si
1133 4059 1224 4102 scena

128 4141 255 4202 sunctili
268 4139 391 4200 materia
405 4151 574 4200 constructa
584 4141 700 4200 suisset.
743 4138 991 4216 Eximebaturque
1006 4137 1034 4196 in
1047 4137 1223 4200 athletarum

129 4249 158 4300 et
181 4237 382 4319 gladiatorum
405 4237 593 4316 spectaculis,
617 4255 707 4298 scena
729 4234 917 4296 nibilominus
942 4235 1055 4315 integra
1075 4247 1222 4296 manente.
