2956 4886
262 391 327 459 182
561 407 778 458 concursus
800 407 1048 460 osunnruros

262 569 327 630 pro,
341 568 440 611 senex.
472 548 607 629 AEdepol,
621 549 729 629 oedpol.
760 549 908 628 Virgines,
922 549 1050 628 sirgnes.
1086 549 1204 610 Semine
1218 549 1349 610 oriundis

264 646 324 708 Sed
337 649 431 726 magis
455 646 633 718 universum,
651 645 730 724 epod
745 643 921 717 Lucretium,
936 646 1043 705 Semne
1056 653 1087 705 et
1098 665 1268 706 adversum.
1302 646 1348 704 Sic

263 753 294 804 et
307 745 347 814 in,
372 753 487 816 evenat,
511 743 617 804 extrita
639 744 649 802 i
669 739 891 815 tumuletur,
905 751 938 802 ut
952 741 1031 822 apud
1045 741 1182 815 Ennium,
1208 741 1350 802 referente

263 837 383 900 Nonio:

343 951 440 1010 Senex
454 951 536 1022 siem,
550 950 662 1010 utinam
674 960 796 1012 mortem
809 960 946 1031 oppetam
961 947 1131 1029 priusquam
1144 959 1261 1010 evenat.

344 1044 433 1114 Quod
446 1046 476 1104 in
490 1045 631 1125 pauperie
643 1065 709 1104 mea
722 1065 812 1105 senex
827 1045 950 1125 graviter
964 1063 1089 1124 gemam.

266 1170 344 1240 Quin
355 1168 578 1230 etiaminitiales
589 1169 717 1249 syllabas
729 1171 813 1249 quasi
827 1161 1017 1230 absorbentes
1028 1171 1124 1230 minus
1136 1181 1350 1250 expresserunt.

265 1265 324 1326 Sed
338 1265 377 1326 ad
392 1265 574 1326 eruitionem
588 1274 774 1325 revertamur.
816 1263 941 1324 Delituit
963 1265 1050 1344 igitur
1074 1265 1105 1324 iu
1129 1266 1235 1326 Latina
1254 1265 1351 1345 lingua

266 1383 346 1444 sepe
360 1381 395 1422 ao
408 1361 532 1421 multum
546 1361 576 1418 in
590 1361 825 1438 pronuntiatione
838 1359 924 1420 litera
937 1379 969 1420 s:

385 1473 502 1532 Samnis
516 1491 638 1551 spurcus
650 1471 739 1531 homo
752 1473 811 1531 vita
825 1471 876 1530 illa
886 1471 995 1550 diguus
1008 1470 1142 1551 locoque.

386 1567 521 1628 Formido
534 1567 606 1646 quid
620 1585 698 1648 agot
718 1567 767 1640 de,
780 1566 894 1640 Venus,
908 1565 1073 1628 consilium.

385 1663 512 1723 Pandite
525 1663 611 1724 sultis
625 1683 728 1742 genas.

386 1759 502 1820 Puncto
515 1760 655 1840 temporie
669 1759 804 1820 reddant.

268 1889 336 1948 llnc
349 1888 503 1948 reserenda
522 1887 573 1947 illa
587 1907 654 1966 qum
668 1906 687 1946 a
701 1887 842 1948 Cicerone
863 1894 1071 1958 memorentur,
1092 1883 1286 1956 multimodis,
1306 1903 1356 1943 sa·

268 1985 440 2062 sergenteis,
462 1983 562 2062 palpet
586 1983 714 2044 crinibus
739 1983 930 2044 tectilrectis:
951 2001 1015 2062 pro,
1039 1981 1139 2041 multis
1160 1979 1267 2052 modis,
1280 1981 1357 2038 vanis

268 2089 382 2158 argent.
396 2078 502 2158 palmis
517 2089 548 2137 et
560 2097 601 2139 cr.
616 2080 701 2139 tentis
724 2079 760 2138 lr.
802 2079 841 2138 Et
863 2077 921 2138 illee
939 2080 1088 2154 συγκοπαὶ,
1103 2075 1267 2136 secundum
1284 2095 1357 2153 quas

267 2173 320 2234 tali
340 2183 372 2234 et
393 2173 441 2233 ule
464 2173 561 2232 extitit
581 2173 618 2232 de
633 2173 742 2234 taxillis
755 2182 786 2232 et
799 2172 906 2232 axilla:
926 2181 956 2232 et
971 2191 1068 2232 meum
1081 2171 1202 2241 lactum,
1226 2169 1357 2236 exitium.

267 2288 331 2350 pro,
344 2288 475 2330 meorum
490 2271 643 2340 lectorum,
664 2279 695 2328 et
713 2269 886 2329 exitiorum:
908 2287 974 2348 quae
998 2267 1027 2325 in
1051 2265 1227 2345 qnibuadam
1241 2265 1358 2324 usitate

268 2364 428 2425 admodum
441 2367 569 2438 luerunt,
590 2367 697 2437 Deum,
711 2363 862 2424 nummum
874 2383 1005 2436 aureum,
1018 2362 1150 2422 liberum.
1191 2359 1359 2427 Quinetiam

268 2457 393 2518 duorum
406 2459 533 2518 virorum
553 2459 705 2538 judicium,
727 2471 780 2518 aut
799 2459 885 2520 trium
899 2459 1023 2518 virorum
1037 2455 1217 2536 capitalium,
1243 2465 1296 2514 ant
1309 2454 1359 2514 de·

269 2571 333 2614 cem
348 2555 473 2616 vitonum
496 2554 594 2614 litibus
614 2554 795 2633 judicandis,
819 2555 860 2614 ait
884 2573 916 2614 ae
941 2553 1055 2625 Cicero,
1079 2551 1176 2612 dicere
1199 2569 1359 2630 nunquam,
1469 2625 1470 2630 ἵ

268 2650 419 2730 quomodo
433 2650 527 2730 ergo?
548 2650 682 2712 nimirum
698 2657 934 2730 onyaeropptvor,
953 2649 1043 2708 duum
1057 2648 1160 2716 uirum,
1174 2655 1205 2706 et
1218 2646 1307 2706 trium
1321 2649 1360 2708 vi·

268 2765 344 2816 rum,
358 2757 388 2807 et
402 2747 618 2808 decemvirum.
659 2749 733 2808 ltem
759 2747 823 2819 siet,
846 2747 893 2806 sit.
936 2746 961 2804 E
984 2765 1043 2824 rep.
1068 2761 1133 2822 pro,
1157 2762 1213 2802 ex:
1234 2748 1360 2823 pomeri·

270 2839 375 2902 dianas
389 2843 558 2922 quadrigas,
580 2863 644 2922 pro,
670 2842 926 2922 postmeridianus.
968 2841 1023 2900 llis
1043 2837 1191 2898 addantur
1203 2839 1345 2900 ἀποκοπαί
1352 2867 1360 2906 :

270 2935 379 3008 viden',
402 2937 470 3011 ain',
495 2937 593 3010 satin',
617 2939 704 3010 men’,
727 2937 846 3005 mibin';
868 2937 905 2997 de
927 2936 1033 3016 quibus
1057 2934 1220 2995 abscissum
1242 2945 1301 3010 est,
1315 2957 1362 2998 ne·

270 3031 357 3108 Exin,
372 3033 449 3106 dein,
464 3034 558 3111 proin,
574 3042 735 3110 amputato,
750 3031 807 3091 de:
829 3031 930 3103 lamul,
944 3049 1008 3110 pro,
1019 3031 1158 3092 famulus.
1193 3033 1361 3094 Lucretius:

391 3155 471 3216 Osse
484 3155 553 3216 dedi
567 3167 653 3216 terrac
667 3157 790 3237 proinde
804 3177 839 3218 ae
854 3157 945 3218 lamul
959 3157 1074 3218 intimus
1089 3169 1177 3220 esset.

269 3284 379 3368 Volup,
394 3283 514 3350 animal,
527 3284 692 3363 exemplar:
715 3285 752 3345 de
767 3285 872 3364 quibus
887 3286 1011 3346 recisum
1025 3295 1120 3346 este:
1142 3287 1195 3360 illi,
1207 3309 1274 3368 pro,
1294 3291 1362 3352 illic.

269 3383 338 3442 Jem
352 3379 389 3438 de
403 3379 595 3460 productione
609 3389 639 3440 et
657 3381 839 3459 correptione
862 3381 1008 3442 vocalium
1029 3383 1124 3442 multa
1146 3383 1205 3442 dici
1227 3399 1362 3463 possent.

269 3476 349 3550 Fuit,
362 3476 444 3536 fieri:
465 3485 584 3536 extenta
605 3476 698 3556 priore
712 3476 837 3556 syllaba.
879 3479 1022 3558 Inclytus‚
1037 3489 1070 3538 ut
1083 3480 1125 3538 ait
1138 3479 1255 3552 Cicero,
1270 3483 1363 3561 prima
1466 3457 1467 3490 ³

267 3571 360 3632 brevi.
401 3569 570 3630 Secundum
583 3571 648 3632 haec
663 3572 737 3632 liunt
757 3572 887 3632 mirificae
909 3573 1090 3648 collisiones,
1109 3575 1260 3648 elisiones,
1275 3577 1364 3636 detri-

267 3667 375 3736 tionea.
390 3676 421 3725 et
434 3665 709 3746 comprehensiones
724 3667 873 3726 literarum
887 3685 923 3727 ac
937 3668 1125 3747 syllabarum,
1147 3679 1178 3729 et
1190 3673 1365 3749 pronuntia·
1465 3711 1466 3722 ,

269 3764 349 3824 tione
361 3783 440 3835 sera,
461 3783 549 3842 quam
564 3782 644 3842 seepe
656 3781 710 3822 nos
725 3783 785 3823 non
804 3783 961 3844 possumus
976 3765 1152 3844 conjecturis
1167 3769 1278 3828 nostris
1294 3788 1365 3829 con·

269 3861 364 3938 aequi,
388 3880 490 3920 versus
505 3859 686 3939 procedunt:
702 3859 737 3917 in
750 3859 857 3938 quibua
872 3859 1017 3938 scriptura
1030 3877 1089 3920 non
1104 3879 1180 3934 raro,
1200 3864 1366 3940 presertim
1464 3913 1465 3930 ,

269 3952 299 4012 in
314 3953 478 4026 dilatando,
491 3973 628 4014 numeros
644 3973 703 4014 non
717 3963 825 4014 servat.
866 3956 926 4014 Sed
941 3973 1020 4016 nunc
1034 3965 1188 4028 eteorum,
1203 3955 1242 4016 de
1257 3959 1366 4036 quibus

269 4047 362 4107 multo
376 4049 472 4108 minus
486 4047 623 4120 diximus,
648 4067 736 4126 quam
758 4048 816 4108 dici
840 4050 994 4128 potuisset,
1015 4059 1163 4112 ettamen
1185 4052 1259 4112 satis
1273 4052 1368 4112 luisse

270 4143 458 4202 manifestum
478 4142 617 4202 indicium
640 4144 765 4216 videtur,
789 4145 928 4206 Plautina
940 4146 1076 4228 exempla
1089 4147 1265 4210 afferamus:
1282 4159 1315 4209 et
1327 4149 1371 4210 tta
1463 4111 1464 4214 l

268 4236 390 4298 tandem
403 4238 480 4300 hanc
493 4238 578 4317 quasi
591 4239 920 4302 commentatiunculam
935 4243 1092 4304 liniemus.
