3012 4892
247 383 293 450 68
668 398 716 446 nrt
740 397 931 448 tisanana.

251 551 394 602 ornatus:
415 561 432 601 e
455 539 563 619 quibus
577 539 695 599 innoxie
709 552 808 619 patres
823 541 997 621 equitesque
1013 543 1139 604 Romani
1160 555 1350 625 prospectare

251 638 405 699 nolebant:
425 634 591 716 cujusmodi
607 635 754 714 quendam
771 637 933 698 Flaminius
946 639 1050 700 Romae
1064 643 1247 702 construxit:
1269 643 1352 704 unde

251 735 362 794 circum
379 733 553 792 Flaminium
577 731 713 809 legimus,
734 741 764 790 et
778 733 887 793 circum
901 733 1074 805 Maximum,
1089 755 1107 794 a
1122 735 1241 796 Caesare
1256 736 1352 798 dicta·

252 842 315 889 tore
328 839 521 900 exstructum,
536 827 620 906 cnjus
634 829 760 905 vestigia
775 827 872 888 adbuc
887 829 975 888 bodie
990 830 1123 890 visuntur
1138 831 1252 902 Romae,
1262 833 1352 912 juxta

254 925 349 986 sedem
370 925 409 986 D.
434 925 607 984 Sebastiano
622 941 746 982 sacram.
791 923 858 982 Fuit
873 937 971 984 autem
986 924 1172 1004 longitudine
1188 927 1351 989 stadiorum

253 1025 351 1094 triam,
366 1022 520 1082 latitudine
533 1021 631 1092 unius,
642 1039 708 1079 cnm
722 1019 854 1079 aedificiis
865 1020 1001 1099 jugerum
1014 1031 1187 1099 quaternum
1199 1021 1351 1084 adsedem

252 1119 446 1180 ducentorum
463 1118 617 1194 sexaginta
640 1115 761 1174 millium
785 1115 946 1177 bominum.
988 1117 1080 1176 Erant
1102 1117 1131 1176 in
1146 1137 1182 1178 eo
1196 1131 1283 1178 mette
1299 1120 1352 1180 de·

253 1214 370 1296 posite,
383 1213 506 1272 duarum
521 1221 574 1270 ant
588 1211 672 1270 trium
687 1210 871 1290 pyramidum
886 1212 1009 1272 formam
1024 1213 1194 1274 relerentes.
1238 1215 1271 1274 ln
1286 1217 1352 1295 ejus

254 1312 422 1372 summitate
436 1328 568 1369 carceres
583 1319 676 1379 erant,
690 1327 706 1364 e
720 1308 826 1385 quibus
841 1308 908 1386 eqni
922 1309 1054 1368 curribus
1068 1309 1164 1388 juncti
1179 1311 1217 1370 ad
1232 1331 1351 1371 cursum

254 1409 472 1476 emittebantur,
486 1416 526 1475 et,
540 1425 608 1463 cum
623 1403 659 1463 ad
677 1424 821 1463 summum
837 1403 1037 1478 devenissent,
1052 1407 1286 1480 revolvebantur,
1300 1408 1354 1467 do·

255 1523 310 1563 nec
334 1503 372 1562 ad
394 1503 518 1582 priorem
541 1511 649 1560 metam
670 1502 864 1581 pervenirent.
906 1502 933 1560 Α
954 1502 1097 1571 curribus,
1120 1503 1177 1562 hoc
1193 1517 1249 1576 est,
1262 1504 1351 1582 bigis,

254 1599 350 1679 trigis,
372 1610 402 1658 et
423 1597 586 1676 quadrigis,
600 1597 725 1656 Cusules
746 1595 819 1656 Ludi
842 1595 924 1656 dieti.
968 1595 1053 1656 Unde
1067 1598 1155 1657 etiarn
1169 1597 1265 1676 dictos
1277 1613 1352 1680 puto

162 1734 167 1743 ·
256 1695 359 1756 aediles
384 1694 512 1766 curules,
536 1691 617 1772 quod
640 1692 675 1750 iis
701 1691 944 1752 administrandis
967 1703 1068 1752 essent
1091 1693 1243 1772 preelecti:
1268 1707 1355 1755 erant

255 1792 334 1851 enim
348 1793 477 1850 omnium
492 1787 726 1868 praestantissimi
741 1789 827 1849 Ludi.
870 1789 947 1848 Nam
967 1791 997 1849 in
1023 1789 1058 1849 iis
1077 1807 1110 1850 se
1133 1791 1300 1863 exercebat,
1323 1805 1355 1852 et

256 1887 370 1966 magnis
394 1886 522 1964 praemiis
547 1883 748 1943 contendebat
771 1883 955 1945 nobilissima
978 1885 1179 1946 Romanorum
1199 1887 1353 1966 juventus,

255 1983 409 2061 aptiorque
424 1980 462 2039 ad
476 1979 587 2039 bellum
601 1977 788 2038 reddebatur.
831 1979 957 2040 Flebant
976 1981 1100 2060 primurn
1122 1983 1201 2062 apud
1216 1983 1353 2061 antiquos

256 2078 332 2137 inter
346 2095 433 2136 enses
447 2086 478 2134 et
491 2075 621 2146 flumina,
638 2085 670 2132 ut
684 2074 721 2132 ab
733 2084 858 2154 utraque
878 2085 961 2154 parte
982 2085 1062 2135 esset
1081 2077 1206 2156 ignaviae
1220 2097 1353 2158 praesens

255 2173 428 2252 periculum.

299 2271 466 2346 Agitatores
482 2265 553 2326 dicti
567 2275 637 2325 sunt
650 2267 760 2344 auriga
775 2266 805 2325 in
819 2266 922 2325 Curnli
936 2266 1103 2327 Certamine
1123 2277 1155 2328 et
1176 2267 1266 2328 Ludis
1289 2271 1356 2330 Cir·

258 2367 405 2436 censibus,
426 2383 549 2443 quorum
575 2363 718 2422 sactiones
741 2373 826 2422 erunt
846 2381 864 2421 a
885 2363 1049 2423 tunicarum
1070 2364 1237 2424 coloribus:
1258 2376 1290 2425 ut
1306 2367 1356 2425 alii

256 2463 425 2521 dicerentur
447 2460 579 2529 Russuti,
603 2459 713 2530 Albuti,
734 2459 861 2530 Prasiai,
876 2459 1004 2526 Veneti:
1026 2469 1115 2538 atque
1130 2461 1171 2519 ita
1184 2460 1355 2521 insistentes

257 2558 391 2619 curribus
409 2557 545 2635 juvenes,
567 2555 723 2615 velocitate
744 2573 896 2634 equorum,
918 2563 969 2613 aut
989 2555 1165 2633 agitatorum
1181 2567 1243 2617 arte
1257 2557 1355 2618 trahe·

257 2655 376 2712 bantur.

300 2751 391 2809 Erant
405 2759 435 2808 et
450 2747 625 2814 desultores,
646 2747 697 2824 qui
712 2746 788 2805 duos
803 2765 895 2824 equos
909 2748 1023 2825 absque
1037 2746 1181 2826 ephippiis
1195 2747 1355 2825 agitantes,

255 2866 296 2905 ex
310 2846 402 2905 altero
416 2847 445 2903 in
462 2845 583 2904 alterum
599 2842 724 2902 subinde
738 2843 811 2901 mira
824 2843 998 2922 pernicitate
1013 2842 1204 2902 desiliebant:
1220 2845 1354 2923 amphip-

257 2961 313 3021 pos
329 2940 426 3000 Graeci
441 2949 559 3000 vocant.
603 2939 683 2996 Hinc
697 2937 859 2996 desultoria
883 2937 988 2996 levitas
1010 2937 1039 2995 in
1065 2938 1247 3016 proverbium
1262 2939 1354 2999 abiit:

257 3049 289 3097 et
302 3038 368 3116 equi
383 3037 536 3096 desultorii
552 3035 633 3102 dicti,
648 3033 730 3116 adid
744 3043 891 3092 certamen
907 3032 1132 3093 accommodati.

299 3133 418 3192 Caletes
432 3141 462 3190 et
474 3130 674 3200 celetizontes,
692 3127 807 3206 equites
821 3138 906 3188 erant
929 3129 959 3186 in
981 3129 1148 3190 Certamine
1168 3129 1270 3190 Curuli
1294 3151 1353 3192 non

258 3229 336 3308 bigis
350 3237 401 3287 aut
414 3225 565 3305 quadrigis
581 3234 708 3294 utentes,
734 3223 788 3283 sed
809 3243 888 3303 quo
902 3243 962 3285 uno
983 3225 1167 3285 insidentes:
1188 3226 1356 3305 cujusmodi

257 3333 405 3387 certamen
420 3321 508 3382 bodie
522 3341 639 3401 qnoque
655 3319 803 3380 nonnullis
817 3321 847 3379 in
861 3322 934 3381 locis
946 3322 1122 3382 celebratur.

301 3420 374 3480 Ludi
388 3417 553 3498 gladiatorii
567 3419 738 3497 plerumque
752 3427 821 3495 post
835 3418 976 3478 Scenicos
990 3419 1112 3477 fiebant.
1154 3417 1189 3477 ln
1203 3417 1239 3478 iis
1254 3416 1356 3478 decer-

258 3519 362 3578 tabant
384 3514 502 3594 gladiis,
523 3514 723 3595 populumque
744 3511 832 3573 celeri
853 3513 1014 3591 agitatione
1035 3511 1201 3592 gladiorum
1222 3513 1354 3574 oblecta·

258 3614 340 3672 bant.
382 3611 586 3671 Gladiatorum
612 3619 710 3669 antem
734 3628 852 3688 geum,
879 3610 1008 3680 Ratiarii,
1034 3611 1203 3682 Senatores,
1228 3609 1355 3669 Mirmil·

258 3709 353 3782 lones,
368 3705 576 3786 Hoplomaclri,
590 3706 737 3766 Thraces:
758 3723 882 3784 quorum
896 3705 1031 3784 exempla
1046 3704 1126 3785 apud
1141 3713 1276 3764 auctores
1290 3723 1355 3765 cre·

257 3805 310 3864 bra
333 3815 412 3865 sunt.
462 3803 576 3862 Horum
597 3803 780 3862 institutores
805 3819 840 3861 ac
862 3802 994 3880 magistri
1019 3802 1136 3861 lanistas
1162 3801 1354 3861 vocabantur.

257 3901 326 3961 Non
340 3901 416 3960 enim
442 3899 537 3978 ignari
561 3899 742 3978 gladiatorie
764 3899 835 3957 artis
856 3898 1015 3978 prodibant
1029 3899 1057 3956 in
1074 3897 1220 3977 publicum
1237 3889 1355 3976 specla-

258 3997 366 4068 culum,
389 3995 428 4056 ad
451 3997 571 4075 praemia
586 3995 806 4074 consequenda.
852 3995 957 4074 ltaque
972 3994 1051 4074 apud
1067 3995 1192 4054 lanistas
1205 3994 1287 4072 prius
1302 4013 1366 4054 ex·.

257 4094 432 4152 e'rcebantur
445 4093 474 4150 in
489 4091 691 4151 umbratilibus
714 4090 832 4168 pugnis,
854 4109 930 4168 quas
945 4089 1138 4151 sciamachias
1152 4089 1252 4149 Graeci
1265 4108 1356 4148 roca·

256 4199 340 4248 runt:
355 4187 435 4268 quod
451 4185 618 4264 hujusmodi
632 4205 742 4267 pugnae
757 4184 913 4248 simulacra
928 4189 1072 4248 subtecto
1082 4187 1144 4246 lieri
1159 4185 1245 4246 solita
1258 4195 1355 4257 erant,
