3012 4892
573 393 621 442 ns
646 394 836 442 τιιιιιίιιο.
1206 383 1250 448 09

149 543 259 594 nonut
273 553 343 594 vera
363 555 474 614 pugna,
496 538 524 596 in
547 538 610 596 sole
624 549 655 597 et
668 539 798 619 pulvere.
842 539 1019 617 Hujusntodi
1041 539 1157 600 lanistae
1179 555 1250 602 suot

151 629 231 710 apud
244 649 311 700 nos,
332 632 386 710 qui
408 632 558 711 gladiandi
581 644 673 694 artetu
694 636 827 715 privatim
854 637 1044 714 profitentur:
1067 637 1116 715 qui
1140 637 1250 697 docent

149 745 253 786 omnes
267 746 407 788 numeros
421 729 589 808 impetendi,
605 731 800 812 cedendique,
815 732 935 792 vulnera
949 732 1103 804 inserendi,
1118 733 1245 794 vitandi-

152 841 220 900 que,
239 833 292 882 aut
305 824 357 882 ubi
378 827 509 902 punctim
524 828 661 888 cresimue
676 827 848 888 leriendurn.
891 827 964 887 Ludi
978 847 1047 888 vero
1060 829 1186 902 Scenici,
1200 831 1251 910 qui

152 931 183 977 et
204 920 328 998 Agonen
352 919 461 980 Musici
483 932 513 980 et
537 921 708 1002 Dionysiaci
732 923 916 995 dicebantur,
941 926 1024 1004 quasi
1049 925 1152 987 Libero
1175 929 1252 1006 patri

152 1014 255 1086 dicati,
268 1015 308 1073 ad
320 1016 549 1088 Cornoediarum,
560 1017 792 1096 Tregoediarurn,
811 1033 861 1080 aut
877 1021 1036 1080 Satirarum
1052 1021 1251 1084 recitationem

152 1111 359 1190 pertinebant:
381 1112 450 1172 item
464 1114 500 1173 ad
515 1123 621 1174 cantus
636 1125 667 1174 et
688 1117 841 1194 poemata:
865 1135 955 1174 scena
977 1117 1015 1176 ob
1038 1115 1067 1176 id
1093 1117 1121 1174 in
1136 1117 1252 1178 theatro

153 1207 322 1286 composita
344 1219 434 1288 atth
458 1221 608 1270 exstructa
632 1230 668 1270 ea
690 1212 813 1282 ratione,
837 1231 925 1290 quarn
952 1231 1019 1271 ιιιοι
1040 1213 1251 1274 describemus.

154 1304 214 1372 Qui
229 1324 262 1364 se
278 1303 308 1362 in
322 1304 369 1363 his
385 1305 474 1366 Ludis
489 1307 675 1377 exercebant,
696 1307 805 1366 scenici
821 1307 908 1367 etiarn
924 1307 1106 1379 dicebantur,
1127 1319 1158 1368 et
1180 1309 1253 1369 Dio·

152 1399 268 1474 nysiaci
293 1399 431 1460 artifices.
474 1401 622 1460 budorurn
640 1417 693 1460 aut
712 1401 912 1461 Certaminurn
935 1403 1000 1462 Diis
1014 1414 1252 1465 consecratorum

154 1505 283 1574 quatuor
296 1507 382 1555 erant
396 1495 474 1575 apud
490 1494 613 1555 Graecos
629 1515 750 1574 genera.
784 1497 876 1556 Erant
890 1497 967 1558 enirn
984 1499 1106 1570 Nemea,
1122 1498 1253 1571 lathrnia,

154 1591 275 1672 Pythia,
298 1605 329 1654 et
350 1593 507 1673 Olympia:
528 1613 597 1672 quse
611 1593 741 1653 omniunt
755 1605 839 1654 erant
852 1595 980 1654 maxima
994 1595 1176 1673 spectacula.
1219 1595 1253 1654 ln

153 1688 198 1748 bis
214 1688 308 1750 Ludis
322 1691 562 1768 proponebantur
576 1689 737 1750 victoribus
756 1707 865 1768 magna
888 1690 1018 1768 praemia,
1040 1710 1108 1768 quse
1122 1689 1172 1768 qui
1187 1709 1254 1750 cus-

154 1785 321 1858 todiebant,
342 1785 491 1864 Ludisque
506 1795 661 1864 praeerant,
675 1783 833 1861 βραβευταὶ
848 1785 973 1856 Graecis,
989 1785 1099 1844 latinis
1114 1785 1253 1866 designa·

155 1891 234 1942 tores
251 1880 489 1960 appellabantur,
509 1900 635 1960 quornm
650 1881 779 1940 officiunt
793 1891 866 1947 erat.
888 1880 1105 1942 multitudinem
1119 1883 1254 1954 retinete,

156 1977 359 2048 obambulare,
379 1993 411 2036 et
434 1988 617 2057 spectatores
639 1975 783 2036 moderari
805 1977 952 2054 virgarum
977 1977 1124 2038 terriculo.
1168 1976 1255 2038 Unde

156 2072 366 2150 mastigononri
388 2083 420 2132 et
443 2073 606 2134 rhabducbi
620 2072 708 2134 etiarn
723 2071 804 2144 dicti,
825 2071 905 2150 quod
920 2071 1018 2151 virgas
1039 2083 1201 2151 gestarent,
1223 2081 1257 2132 ut

157 2169 186 2227 in
199 2168 300 2229 officio
313 2168 499 2233 continerent
512 2177 703 2249 spectatores.
744 2167 870 2228 Musicis
884 2187 1001 2247 quoque
1017 2169 1162 2248 agonibus
1173 2177 1257 2228 erant

158 2264 252 2336 crite,
273 2264 380 2338 idest,
399 2264 530 2344 judices,
547 2265 686 2344 aquibus
700 2263 801 2336 critici,
823 2263 852 2324 id
874 2275 931 2336 est,
953 2265 1121 2342 po'e'ntntunt
1140 2263 1256 2342 judices

159 2361 230 2422 dicti
247 2375 327 2424 sunt.
372 2364 532 2434 Ludorurn,
555 2362 605 2441 qui
628 2361 691 2422 Diis
713 2359 975 2432 consecrabantur,
998 2359 1079 2438 apud
1105 2359 1256 2422 Romanos

159 2469 287 2538 quatuor
301 2471 386 2520 erant
399 2459 524 2540 species.
567 2458 626 2518 Eos
643 2457 742 2516 Ludos
757 2455 861 2515 aediles
874 2455 990 2515 curules
1004 2475 1124 2516 munere
1138 2455 1257 2536 publico

160 2557 321 2634 quotannis
344 2559 499 2618 curabant.
541 2552 742 2633 Megalenses,
761 2553 823 2612 sive
848 2552 953 2631 Magni
978 2551 1052 2612 Ludi
1074 2551 1155 2624 dicti,
1176 2551 1268 2632 quotl-

159 2654 276 2734 magnis
292 2653 357 2713 Diis
371 2651 537 2712 consecrati
559 2661 681 2710 essent:
703 2649 810 2728 quibus
838 2649 929 2708 Ludis
952 2659 1078 2727 quatuor
1100 2661 1175 2708 setes
1190 2661 1260 2710 sunt

158 2751 287 2811 Terentii
316 2749 500 2808 Cornoedioe:
536 2745 659 2818 Andria,
687 2747 861 2815 Eunuchus,
896 2745 1257 2816 Heautontimorumenos,

162 2849 291 2926 Hecyra.
334 2827 495 2916 Fudebres,
514 2856 566 2904 aut
580 2841 742 2910 Funerales
758 2839 844 2910 Ludi,
867 2839 905 2900 ad
921 2837 1104 2898 retinendum
1117 2841 1258 2920 populum

161 2943 288 3004 instituti
312 2953 393 3014 sunt,
414 2940 484 3000 durn
510 2958 618 3020 pompa
644 2935 908 3008 lunaris,dectetn
931 2932 1123 2992 inhonorem
1147 2936 1258 3014 patricii

162 3041 224 3112 siri,
244 3039 332 3119 plene
347 3057 382 3098 ac
395 3037 511 3118 publice
525 3035 732 3096 instruebatur.
777 3031 832 3092 His
857 3029 946 3090 Ludis
965 3041 1032 3090 acta
1045 3041 1091 3090 est
1106 3029 1260 3110 comedia

163 3135 292 3196 Terentii
307 3133 445 3214 Adelpbi.
488 3130 686 3205 Plebeii,sive
711 3127 837 3188 Romani
863 3125 948 3197 Ludi,
972 3145 1025 3204 pro
1050 3125 1145 3186 salute
1168 3126 1260 3206 plebis

162 3233 347 3292 edebantur:
376 3230 484 3310 quibus
508 3213 690 3288 Ludisacta
710 3235 758 3285 eet
778 3223 925 3282 Phormio.
968 3222 1153 3300 Apollinares
1176 3223 1260 3302 Ludi,

163 3327 295 3411 Apollini
309 3327 484 3398 consecrati,
501 3325 594 3386 autin
610 3324 751 3384 bonorem
766 3319 911 3400 Apollinis
926 3319 1060 3378 instituti.

243 3505 303 3568 DE
321 3501 526 3564 THEATRIS
548 3503 597 3562 ET
616 3495 954 3562 AMPHITHEATRIS
976 3491 1179 3562 ANTIQUlS.

202 3634 273 3702 Quo
290 3632 395 3692 nrelins
416 3641 447 3692 et
466 3628 649 3691 commodius
672 3637 875 3708 spectarentur
897 3623 1069 3692 Comoedias,
1083 3617 1259 3700 Tragoedia,

163 3739 214 3790 ant
229 3727 316 3799 Ludi,
332 3727 394 3788 sire
408 3729 426 3788 ii
439 3725 626 3797 Gladiatorii,
637 3726 697 3786 sire
711 3727 799 3785 etiarn
814 3722 940 3794 Scenici,
952 3721 997 3780 vel
1009 3719 1131 3778 alterius
1145 3714 1259 3795 generis

162 3837 275 3900 essent,
290 3825 426 3884 instituta
439 3837 510 3884 sunt
524 3824 561 3882 ab
576 3823 714 3901 antiquis,
728 3839 795 3900 quas
806 3820 934 3878 Theatra
947 3815 1136 3882 vocabantur,
1148 3830 1166 3870 a
1180 3829 1261 3868 cotn-

165 3925 252 3985 rnode
266 3921 395 3982 videndo
410 3941 445 3982 ac
465 3919 671 4000 prospiciendo
687 3920 728 3978 sie
743 3915 903 3996 appellata.
945 3910 1022 3970 Nanr
1039 3923 1106 3969 aute
1119 3907 1262 3967 Theatru-

164 4043 226 4082 rum
242 4039 343 4092 usum,
358 4037 457 4078 sceno
471 4035 559 4096 super
573 4014 712 4096 plaustris
726 4010 887 4072 ductilibus
902 4005 1137 4096 exstruebantur,
1159 4021 1195 4062 ac
1210 4023 1262 4083 per

166 4118 296 4198 conpita
310 4115 421 4187 ductes,
435 4113 546 4194 populo
559 4112 732 4194 prabebant
745 4103 982 4168 oblectationem.
1023 4097 1151 4158 Theatra
1164 4108 1261 4158 autem
1341 4115 1344 4122 ¹

166 4228 248 4278 erent
262 4213 401 4287 aedilicia,
420 4211 469 4274 vel
483 4219 641 4292 apparatus
656 4209 685 4268 in
701 4203 803 4288 populi
816 4200 940 4283 gratiam
954 4194 1099 4268 instructi,
1116 4193 1156 4254 sd
1171 4194 1263 4256 hemi·
