2966 4890
427 383 477 432 nu
499 382 640 432 usurus
663 381 935 436 rennuerunrs.
1165 370 1230 438 247

253 618 446 680 LICENTIA
466 616 742 690 TERENTIANA,
763 617 849 687 QUA
871 617 1099 680 DEFLECTIT

481 731 510 792 A
531 729 691 792 LATINIS
712 727 855 792 EPICIS.

174 873 245 948 Sed,
267 885 302 934 ut
315 875 444 948 redeam,
469 874 549 936 ende
571 873 724 955 digressus
746 893 821 936 sum.
864 873 905 934 Ut
928 893 947 935 n
971 873 1084 936 (irrepis
1107 873 1229 936 comicis

135 969 321 1031 desciverunt
343 971 439 1031 Latini
464 991 517 1052 pro
537 971 674 1032 brevibus
697 969 818 1052 syllabis
843 969 945 1032 tendas
965 969 1166 1040 iniirlcieudo;
1188 970 1232 1032 iu

135 1065 204 1124 vitio
227 1085 347 1144 prorsus
368 1067 514 1128 contrario
537 1077 709 1148 peccarunt,
732 1065 918 1146 corripiendo
946 1065 1060 1128 seilicet
1085 1063 1231 1145 ejusmodi

136 1157 277 1238 syllabus,
289 1181 357 1240 qum
375 1160 405 1220 in
421 1161 526 1222 Latino
548 1181 682 1224 sermone
704 1169 789 1224 erunt
802 1161 911 1242 longae.
954 1161 1051 1242 Hujus
1072 1170 1171 1222 eutem
1194 1160 1231 1219 li·

136 1255 240 1316 centiae
255 1256 376 1316 modum
391 1275 427 1316 nn
440 1258 514 1317 fines
528 1275 588 1317 non
608 1257 737 1337 cujusvis
752 1265 799 1317 est
812 1255 975 1336 reperisses
998 1275 1064 1316 oum
1085 1275 1121 1316 ex
1140 1253 1230 1316 inser·

136 1351 264 1430 pretibus
279 1351 319 1424 hi,
331 1351 383 1430 qni
403 1351 549 1414 laxissime
570 1361 601 1413 et
613 1353 691 1414 ultro
704 1352 844 1414 terminos
858 1351 1006 1412 liuentiam
1025 1350 1103 1411 hene
1118 1369 1231 1430 expen-

135 1445 217 1518 dunt,
246 1454 379 1506 monstro
405 1465 617 1527 nonnunquam
643 1457 674 1509 et
702 1456 839 1527 portentu
869 1465 923 1526 pro
950 1446 1025 1508 reris
1053 1445 1229 1507 lectionibus

134 1549 271 1610 tuentur:
293 1539 344 1600 nlii
356 1553 470 1616 eontra,
483 1542 535 1622 qui
548 1541 635 1604 nimis
648 1543 736 1604 motis
750 1561 815 1604 enm
835 1543 942 1604 finibus
962 1541 1118 1615 oisudunt,
1139 1540 1230 1622 sylis·

134 1636 244 1715 bosque
258 1653 361 1696 omnes
375 1633 413 1696 ed
431 1635 581 1717 epicorum
604 1639 757 1717 podmrum
780 1655 914 1699 normam
939 1638 1074 1718 uigent,
1095 1635 1229 1716 singndos

134 1733 190 1792 iere
204 1751 308 1792 versus
322 1732 435 1792 miseris
449 1733 556 1806 modis,
570 1733 719 1807 addendo,
735 1733 914 1808 mutilando,
928 1733 1112 1806 invertendo,
1125 1743 1230 1793 eontm

133 1826 267 1888 codicum
282 1827 380 1901 fidem,
400 1827 541 1908 jugulent
560 1845 591 1892 et
610 1830 770 1892 trucident.
812 1829 891 1890 illud
905 1830 936 1890 iu
950 1830 1124 1898 universum
1134 1828 1228 1888 enim·

134 1923 270 1984 adversos
284 1923 382 1997 velim,
402 1923 500 1986 nullm
523 1945 576 1989 eos
596 1928 737 2010 syllabas,
763 1947 831 2007 quse
855 1935 962 1986 netum
978 1935 1010 1986 et
1022 1923 1134 1986 sooslis
1155 1941 1230 1984 sono

134 2019 230 2100 iongse
245 2030 327 2092 sunt,
336 2020 510 2102 corripuisse
522 2043 530 2092 ς
545 2023 599 2085 sed
614 2043 665 2085 ene
679 2033 805 2095 tentum,
816 2041 885 2102 qum
898 2041 952 2101 per
963 2019 1097 2082 soeslem
1110 2017 1229 2100 quidem

132 2117 235 2177 breves
260 2127 356 2190 erunt,
379 2117 524 2196 positione
549 2131 647 2180 temen
667 2129 699 2181 et
718 2115 946 2180 oonsonnntinm
973 2133 1120 2178 concursu
1140 2115 1229 2176 {nem

133 2223 201 2273 sunt
214 2213 327 2293 iongoe.
372 2211 428 2274 Hm
442 2234 510 2276 uero
523 2233 612 2275 voees
626 2224 657 2275 et
669 2231 790 2274 numero
804 2231 909 2293 puuen
922 2221 1004 2284 sunt,
1015 2209 1229 2290 monosyllabo

131 2306 188 2369 iere
200 2309 248 2371 rel
259 2311 439 2395 dissyllabae,
451 2311 499 2373 vel
511 2331 579 2372 oum
591 2310 849 2392 propositionibus
863 2308 1055 2390 oompositser
1071 2317 1102 2368 et
1112 2325 1150 2366 sx
1163 2305 1230 2386 ipsu

131 2404 200 2466 sede
230 2407 350 2489 situque
370 2408 525 2471 commodo
549 2410 664 2470 reniam
688 2417 846 2470 merentur.
887 2405 1087 2466 Comensem
1111 2402 1229 2483 inipso

132 2511 241 2562 nostroe
255 2503 394 2566 editionis
408 2515 489 2566 textu
504 2505 624 2586 singula
642 2505 710 2566 hmo
726 2505 756 2566 in
771 2503 905 2566 versibus
920 2499 1045 2581 singulis
1058 2517 1110 2580 per
1123 2515 1229 2560 noeen-

130 2605 212 2657 tuum
228 2599 415 2664 intervallum
437 2611 543 2681 sponte
558 2621 591 2664 se
605 2599 784 2669 ostendente
805 2619 865 2661 non
885 2617 961 2680 opus
974 2605 1031 2670 est,
1051 2604 1086 2656 ut
1097 2592 1230 2672 singilla-

131 2691 184 2750 tim
199 2693 248 2755 hic
262 2707 478 2760 enumerentur.
520 2695 598 2757 lllud
613 2705 727 2758 tuntum
738 2701 876 2767 monebo,
889 2691 971 2774 quod
985 2699 1054 2752 ente
1069 2707 1116 2749 me
1125 2688 1230 2769 opinor

129 2805 235 2860 nemo;
260 2793 290 2851 in
312 2793 406 2873 primo
427 2791 487 2854 iere
507 2813 646 2855 versuum
668 2791 756 2874 pede,
779 2802 810 2852 et
832 2789 950 2870 parcius
975 2785 1060 2858 odins,
1080 2783 1229 2846 licentiam

129 2883 208 2947 hune
229 2889 398 2950 exercuisse
414 2887 574 2952 Nostrum:
597 2887 686 2970 idque
710 2886 874 2948 rectissimo
892 2881 1025 2966 judicius
1047 2900 1115 2941 cum
1135 2888 1229 2941 actor»

128 2983 157 3041 in
171 2983 231 3044 fine
246 2985 350 3066 prioris
365 3006 467 3048 versus
481 2987 579 3048 nnimn
593 2995 722 3068 recepta,
743 2983 863 3066 plenum
875 2979 1068 3064 rapidumque
1094 2975 1227 3056 spiritum

126 3092 233 3162 posset
246 3081 396 3144 effundere
409 3103 417 3143 :

168 3235 231 3296 Sed
247 3234 278 3294 id
291 3234 407 3315 grimm
420 3236 553 3298 fuisse·-
692 3232 896 3306 Colossinus,
910 3249 1028 3310 corpus

166 3333 241 3392 Sine
254 3329 365 3392 invidis
376 3331 504 3396 leudem.
684 3329 788 3411 Neque
801 3327 934 3408 Antipho
947 3324 1015 3388 ilie.

164 3427 242 3488 Sino
256 3426 336 3488 omni
348 3429 470 3508 periclo.
685 3425 746 3488 Sed
758 3421 1071 3490 hoomihimolesmm
1084 3429 1141 3480 ess„

129 3567 134 3576 .
166 3523 296 3602 Propter
308 3519 446 3603 hdspitni.
688 3521 805 3584 Bonum
818 3519 971 3599 ingenium
983 3533 1096 3576 nsum.

168 3617 230 3679 Hie
245 3627 294 3678 est
306 3616 357 3678 ille
371 3637 432 3680 non
444 3631 484 3681 se.
687 3617 749 3679 Sed
763 3617 812 3678 hio
826 3613 999 3696 Pimphilus
1013 3610 1096 3691 quid.

166 3711 349 3792 Studetpir
362 3714 478 3776 referre.
687 3713 801 3777 lshine
814 3710 926 3774 bellum
939 3708 1068 3789 fugiens.

165 3810 222 3870 Ob
236 3809 315 3869 hene
327 3807 506 3872 inimicitias.
687 3809 802 3892 Nempe
816 3805 1035 3868 Phormionem.

164 3907 221 3966 Ob
236 3905 340 3966 decem
354 3925 440 3967 mnes
454 3905 560 3987 inquit.
690 3907 725 3966 ln
738 3907 817 3966 hane
830 3902 961 3964 normam
975 3897 1113 3978 plateam.

170 4001 382 4062 lndesdmam
396 4003 491 4064 uxori.
692 3997 883 4083 Supellectile
895 4013 971 4077 opus
986 4001 1041 4054 eet.

163 4100 264 4158 Soror
278 4096 360 4158 diem
373 4107 430 4174 est,
444 4101 541 4182 cupio.
690 4097 750 4159 Sed
765 4114 837 4158 ecoe
850 4093 916 4175 ipss
930 4085 1087 4170 egreditur.

120 4203 133 4214 “’
166 4193 271 4254 Simul
287 4193 445 4257 consilium
459 4216 527 4259 cum
542 4215 595 4260 re·
694 4195 759 4274 Ego
772 4187 924 4262 excludor,
937 4185 998 4246 iiie.
