<?xml version="1.0" encoding="UTF-8"?>
<!DOCTYPE html PUBLIC "-//W3C//DTD XHTML 1.0 Transitional//EN"
    "http://www.w3.org/TR/xhtml1/DTD/xhtml1-transitional.dtd">
<html xmlns="http://www.w3.org/1999/xhtml" xml:lang="en" lang="en">
 <head>
  <title>
</title>
<meta http-equiv="Content-Type" content="text/html;charset=utf-8" />
  <meta name='ocr-system' content='tesseract 3.04.00' />
  <meta name='ocr-capabilities' content='ocr_page ocr_carea ocr_par ocr_line ocrx_word'/>
</head>
<body>
  <div class='ocr_page' id='page_1' title='image "./comoedisex05westgoog_0040.png"; bbox 0 0 3012 4892; ppageno 0'>
   <div class='ocr_carea' id='block_1_1' title="bbox 228 363 882 429">
    <p class='ocr_par' dir='ltr' id='par_1_1' title="bbox 228 363 882 429">
     <span class='ocr_line' id='line_1_1' title="bbox 228 363 882 429; baseline -0.002 0"><span class='ocrx_word' id='word_1_1' title='bbox 228 363 272 429; x_wconf 82' lang='grc'><strong>30</strong></span> <span class='ocrx_word' id='word_1_2' title='bbox 678 377 882 429; x_wconf 66' lang='lat' dir='ltr'><strong>rrrrsnrrro.</strong></span> 
     </span>
    </p>
   </div>
   <div class='ocr_carea' id='block_1_2' title="bbox 228 517 1333 4036">
    <p class='ocr_par' dir='ltr' id='par_1_2' title="bbox 228 517 1329 1093">
     <span class='ocr_line' id='line_1_2' title="bbox 228 517 1326 608; baseline -0.002 -22"><span class='ocrx_word' id='word_1_3' title='bbox 228 541 305 608; x_wconf 84' lang='lat' dir='ltr'><strong>quae</strong></span> <span class='ocrx_word' id='word_1_4' title='bbox 320 539 494 586; x_wconf 77' lang='lat' dir='ltr'>assensum</span> <span class='ocrx_word' id='word_1_5' title='bbox 508 519 563 586; x_wconf 85' lang='lat' dir='ltr'><strong>vel</strong></span> <span class='ocrx_word' id='word_1_6' title='bbox 577 521 764 586; x_wconf 82' lang='lat' dir='ltr'><strong>dissensum</strong></span> <span class='ocrx_word' id='word_1_7' title='bbox 781 519 926 586; x_wconf 77' lang='lat' dir='ltr'><strong>Bentleii</strong></span> <span class='ocrx_word' id='word_1_8' title='bbox 939 521 1093 602; x_wconf 89' lang='lat' dir='ltr'><strong>respectu</strong></span> <span class='ocrx_word' id='word_1_9' title='bbox 1109 517 1151 582; x_wconf 89' lang='lat' dir='ltr'><strong>ad</strong></span> <span class='ocrx_word' id='word_1_10' title='bbox 1167 518 1255 584; x_wconf 90' lang='lat' dir='ltr'><strong>bunc</strong></span> <span class='ocrx_word' id='word_1_11' title='bbox 1270 525 1326 584; x_wconf 87' lang='lat' dir='ltr'><strong>co-&#39;</strong></span> 
     </span>
     <span class='ocr_line' id='line_1_3' title="bbox 229 619 1329 704; baseline -0.008 -14"><span class='ocrx_word' id='word_1_12' title='bbox 229 625 335 690; x_wconf 91' lang='lat' dir='ltr'><strong>dicem</strong></span> <span class='ocrx_word' id='word_1_13' title='bbox 347 623 459 686; x_wconf 88' lang='lat' dir='ltr'><strong>habito</strong></span> <span class='ocrx_word' id='word_1_14' title='bbox 473 623 631 699; x_wconf 75' lang='lat' dir='ltr'><strong>indicant,</strong></span> <span class='ocrx_word' id='word_1_15' title='bbox 647 621 784 704; x_wconf 88' lang='lat' dir='ltr'><strong>patebit.</strong></span> <span class='ocrx_word' id='word_1_16' title='bbox 816 621 1039 703; x_wconf 88' lang='lat' dir='ltr'><strong>interpunctio</strong></span> <span class='ocrx_word' id='word_1_17' title='bbox 1055 619 1234 684; x_wconf 88' lang='lat' dir='ltr'><strong>verborum</strong></span> <span class='ocrx_word' id='word_1_18' title='bbox 1250 635 1329 704; x_wconf 86' lang='lat' dir='ltr'><strong>pas·</strong></span> 
     </span>
     <span class='ocr_line' id='line_1_4' title="bbox 229 721 1328 808; baseline -0.004 -18"><span class='ocrx_word' id='word_1_19' title='bbox 229 727 295 790; x_wconf 91' lang='lat' dir='ltr'><strong>sim</strong></span> <span class='ocrx_word' id='word_1_20' title='bbox 308 724 483 806; x_wconf 81' lang='lat' dir='ltr'><strong>singularis</strong></span> <span class='ocrx_word' id='word_1_21' title='bbox 498 731 563 801; x_wconf 90' lang='lat' dir='ltr'><strong>est,</strong></span> <span class='ocrx_word' id='word_1_22' title='bbox 582 743 687 808; x_wconf 91' lang='lat' dir='ltr'><strong>neque</strong></span> <span class='ocrx_word' id='word_1_23' title='bbox 711 723 800 801; x_wconf 89' lang='lat' dir='ltr'><strong>talis,</strong></span> <span class='ocrx_word' id='word_1_24' title='bbox 822 729 861 786; x_wconf 91' lang='lat' dir='ltr'><strong>nt</strong></span> <span class='ocrx_word' id='word_1_25' title='bbox 881 723 1021 804; x_wconf 84' lang='lat' dir='ltr'><strong>vulgari,</strong></span> <span class='ocrx_word' id='word_1_26' title='bbox 1044 740 1145 804; x_wconf 90' lang='lat' dir='ltr'><strong>quarn</strong></span> <span class='ocrx_word' id='word_1_27' title='bbox 1161 721 1328 786; x_wconf 80' lang='lat' dir='ltr'><strong>editiones</strong></span> 
     </span>
     <span class='ocr_line' id='line_1_5' title="bbox 229 821 1329 910; baseline -0.006 -18"><span class='ocrx_word' id='word_1_28' title='bbox 229 846 300 910; x_wconf 75' lang='lat' dir='ltr'><strong>prae</strong></span> <span class='ocrx_word' id='word_1_29' title='bbox 316 845 353 890; x_wconf 90' lang='lat' dir='ltr'><strong>se</strong></span> <span class='ocrx_word' id='word_1_30' title='bbox 368 824 486 902; x_wconf 86' lang='lat' dir='ltr'><strong>serunt,</strong></span> <span class='ocrx_word' id='word_1_31' title='bbox 503 824 690 890; x_wconf 87' lang='lat' dir='ltr'><strong>antecellat.</strong></span> <span class='ocrx_word' id='word_1_32' title='bbox 736 823 838 888; x_wconf 86' lang='lat' dir='ltr'><strong>Haud</strong></span> <span class='ocrx_word' id='word_1_33' title='bbox 854 842 963 906; x_wconf 89' lang='lat' dir='ltr'><strong>pauca</strong></span> <span class='ocrx_word' id='word_1_34' title='bbox 977 824 1079 888; x_wconf 87' lang='lat' dir='ltr'><strong>etiam</strong></span> <span class='ocrx_word' id='word_1_35' title='bbox 1095 821 1226 886; x_wconf 88' lang='lat' dir='ltr'><strong>laudari</strong></span> <span class='ocrx_word' id='word_1_36' title='bbox 1249 841 1329 904; x_wconf 89' lang='lat' dir='ltr'><strong>pos-</strong></span> 
     </span>
     <span class='ocr_line' id='line_1_6' title="bbox 229 923 1329 1004; baseline -0.004 -12"><span class='ocrx_word' id='word_1_37' title='bbox 229 933 308 992; x_wconf 84' lang='lat' dir='ltr'><strong>sunt</strong></span> <span class='ocrx_word' id='word_1_38' title='bbox 330 928 416 1004; x_wconf 88' lang='lat' dir='ltr'><strong>loca,</strong></span> <span class='ocrx_word' id='word_1_39' title='bbox 438 926 495 991; x_wconf 88' lang='lat' dir='ltr'><strong>obi</strong></span> <span class='ocrx_word' id='word_1_40' title='bbox 519 925 628 992; x_wconf 83' lang='lat' dir='ltr'><strong>codex</strong></span> <span class='ocrx_word' id='word_1_41' title='bbox 650 925 755 990; x_wconf 87' lang='lat' dir='ltr'><strong>verba</strong></span> <span class='ocrx_word' id='word_1_42' title='bbox 775 925 895 988; x_wconf 91' lang='lat' dir='ltr'><strong>melius</strong></span> <span class='ocrx_word' id='word_1_43' title='bbox 916 923 1080 1000; x_wconf 88' lang='lat' dir='ltr'><strong>distinxit,</strong></span> <span class='ocrx_word' id='word_1_44' title='bbox 1106 941 1147 986; x_wconf 87' lang='lat' dir='ltr'><strong>ac</strong></span> <span class='ocrx_word' id='word_1_45' title='bbox 1169 923 1205 986; x_wconf 93' lang='lat' dir='ltr'><strong>in</strong></span> <span class='ocrx_word' id='word_1_46' title='bbox 1228 923 1329 988; x_wconf 88' lang='lat' dir='ltr'><strong>editis</strong></span> 
     </span>
     <span class='ocr_line' id='line_1_7' title="bbox 230 1029 431 1093; baseline -0.01 0"><span class='ocrx_word' id='word_1_47' title='bbox 230 1029 431 1093; x_wconf 79' lang='lat' dir='ltr'><strong>factumest.</strong></span> 
     </span>
    </p>

    <p class='ocr_par' dir='ltr' id='par_1_3' title="bbox 231 1124 1332 2715">
     <span class='ocr_line' id='line_1_8' title="bbox 274 1124 1330 1212; baseline -0.006 -18"><span class='ocrx_word' id='word_1_48' title='bbox 274 1128 478 1212; x_wconf 81' lang='lat' dir='ltr'><strong>Priusquam</strong></span> <span class='ocrx_word' id='word_1_49' title='bbox 500 1131 614 1192; x_wconf 86' lang='lat' dir='ltr'><strong>autern</strong></span> <span class='ocrx_word' id='word_1_50' title='bbox 638 1125 682 1190; x_wconf 93' lang='lat' dir='ltr'><strong>ad</strong></span> <span class='ocrx_word' id='word_1_51' title='bbox 708 1124 869 1189; x_wconf 88' lang='lat' dir='ltr'><strong>edendum</strong></span> <span class='ocrx_word' id='word_1_52' title='bbox 893 1125 981 1189; x_wconf 91' lang='lat' dir='ltr'><strong>bunc</strong></span> <span class='ocrx_word' id='word_1_53' title='bbox 997 1125 1189 1190; x_wconf 84' lang='lat' dir='ltr'><strong>thesaurum</strong></span> <span class='ocrx_word' id='word_1_54' title='bbox 1203 1143 1256 1188; x_wconf 90' lang='lat' dir='ltr'><strong>me</strong></span> <span class='ocrx_word' id='word_1_55' title='bbox 1270 1143 1330 1188; x_wconf 90' lang='lat' dir='ltr'><strong>ac·</strong></span> 
     </span>
     <span class='ocr_line' id='line_1_9' title="bbox 232 1224 1329 1314; baseline -0.007 -18"><span class='ocrx_word' id='word_1_56' title='bbox 232 1231 407 1314; x_wconf 84' lang='lat' dir='ltr'><strong>cingerem,</strong></span> <span class='ocrx_word' id='word_1_57' title='bbox 430 1230 471 1294; x_wconf 93' lang='lat' dir='ltr'><strong>de</strong></span> <span class='ocrx_word' id='word_1_58' title='bbox 493 1230 630 1292; x_wconf 87' lang='lat' dir='ltr'><strong>invento</strong></span> <span class='ocrx_word' id='word_1_59' title='bbox 651 1225 781 1303; x_wconf 90' lang='lat' dir='ltr'><strong>codice,</strong></span> <span class='ocrx_word' id='word_1_60' title='bbox 804 1243 945 1309; x_wconf 88' lang='lat' dir='ltr'><strong>meoque</strong></span> <span class='ocrx_word' id='word_1_61' title='bbox 960 1225 1112 1304; x_wconf 92' lang='lat' dir='ltr'><strong>consilio,</strong></span> <span class='ocrx_word' id='word_1_62' title='bbox 1134 1224 1271 1289; x_wconf 85' lang='lat' dir='ltr'><strong>beneda</strong></span> <span class='ocrx_word' id='word_1_63' title='bbox 1284 1237 1329 1288; x_wconf 88' lang='lat' dir='ltr'><strong>oo</strong></span> 
     </span>
     <span class='ocr_line' id='line_1_10' title="bbox 232 1325 1331 1408; baseline -0.007 -11"><span class='ocrx_word' id='word_1_64' title='bbox 232 1333 392 1408; x_wconf 86' lang='lat' dir='ltr'><strong>merendi,</strong></span> <span class='ocrx_word' id='word_1_65' title='bbox 415 1330 589 1394; x_wconf 84' lang='lat' dir='ltr'><strong>certiorem</strong></span> <span class='ocrx_word' id='word_1_66' title='bbox 605 1326 672 1392; x_wconf 81' lang='lat' dir='ltr'><strong>ieci</strong></span> <span class='ocrx_word' id='word_1_67' title='bbox 686 1327 793 1391; x_wconf 87' lang='lat' dir='ltr'><strong>virum</strong></span> <span class='ocrx_word' id='word_1_68' title='bbox 807 1326 905 1408; x_wconf 77' lang='lat' dir='ltr'><strong>longe</strong></span> <span class='ocrx_word' id='word_1_69' title='bbox 919 1326 1181 1391; x_wconf 86' lang='lat' dir='ltr'><strong>eruditissimum</strong></span> <span class='ocrx_word' id='word_1_70' title='bbox 1197 1333 1232 1390; x_wconf 90' lang='lat' dir='ltr'><strong>et</strong></span> <span class='ocrx_word' id='word_1_71' title='bbox 1244 1325 1331 1390; x_wconf 91' lang='lat' dir='ltr'><strong>cele-</strong></span> 
     </span>
     <span class='ocr_line' id='line_1_11' title="bbox 232 1423 1330 1512; baseline -0.008 -14"><span class='ocrx_word' id='word_1_72' title='bbox 232 1435 419 1510; x_wconf 89' lang='lat' dir='ltr'><strong>berrimum,</strong></span> <span class='ocrx_word' id='word_1_73' title='bbox 443 1431 675 1511; x_wconf 83' lang='lat' dir='ltr'><strong>Boettigernm,</strong></span> <span class='ocrx_word' id='word_1_74' title='bbox 697 1447 797 1512; x_wconf 88' lang='lat' dir='ltr'><strong>quem</strong></span> <span class='ocrx_word' id='word_1_75' title='bbox 826 1427 907 1492; x_wconf 90' lang='lat' dir='ltr'><strong>oliru</strong></span> <span class='ocrx_word' id='word_1_76' title='bbox 933 1447 1053 1493; x_wconf 85' lang='lat' dir='ltr'><strong>novam</strong></span> <span class='ocrx_word' id='word_1_77' title='bbox 1082 1427 1231 1492; x_wconf 85' lang='lat' dir='ltr'><strong>Terentii</strong></span> <span class='ocrx_word' id='word_1_78' title='bbox 1259 1423 1330 1490; x_wconf 90' lang='lat' dir='ltr'><strong>edi-</strong></span> 
     </span>
     <span class='ocr_line' id='line_1_12' title="bbox 231 1526 1331 1613; baseline -0.01 -13"><span class='ocrx_word' id='word_1_79' title='bbox 231 1537 357 1600; x_wconf 88' lang='lat' dir='ltr'><strong>tionem</strong></span> <span class='ocrx_word' id='word_1_80' title='bbox 384 1532 577 1599; x_wconf 89' lang='lat' dir='ltr'><strong>meditatum</strong></span> <span class='ocrx_word' id='word_1_81' title='bbox 606 1549 684 1594; x_wconf 89' lang='lat' dir='ltr'><strong>esse</strong></span> <span class='ocrx_word' id='word_1_82' title='bbox 711 1548 891 1609; x_wconf 82' lang='lat' dir='ltr'><strong>noveram3</strong></span> <span class='ocrx_word' id='word_1_83' title='bbox 912 1529 1060 1613; x_wconf 89' lang='lat' dir='ltr'><strong>mihique</strong></span> <span class='ocrx_word' id='word_1_84' title='bbox 1089 1536 1127 1593; x_wconf 90' lang='lat' dir='ltr'><strong>ut</strong></span> <span class='ocrx_word' id='word_1_85' title='bbox 1152 1526 1331 1593; x_wconf 90' lang='lat' dir='ltr'><strong>consilinm</strong></span> 
     </span>
     <span class='ocr_line' id='line_1_13' title="bbox 234 1627 1331 1718; baseline -0.006 -19"><span class='ocrx_word' id='word_1_86' title='bbox 234 1655 332 1699; x_wconf 90' lang='lat' dir='ltr'><strong>suurn</strong></span> <span class='ocrx_word' id='word_1_87' title='bbox 347 1653 409 1718; x_wconf 89' lang='lat' dir='ltr'><strong>pro</strong></span> <span class='ocrx_word' id='word_1_88' title='bbox 424 1653 476 1710; x_wconf 86' lang='lat' dir='ltr'><strong>ea,</strong></span> <span class='ocrx_word' id='word_1_89' title='bbox 498 1651 563 1716; x_wconf 86' lang='lat' dir='ltr'><strong>qua</strong></span> <span class='ocrx_word' id='word_1_90' title='bbox 579 1652 633 1696; x_wconf 91' lang='lat' dir='ltr'><strong>me</strong></span> <span class='ocrx_word' id='word_1_91' title='bbox 652 1631 865 1715; x_wconf 88' lang='lat' dir='ltr'><strong>jamdudum</strong></span> <span class='ocrx_word' id='word_1_92' title='bbox 881 1631 1058 1714; x_wconf 87' lang='lat' dir='ltr'><strong>amplexus</strong></span> <span class='ocrx_word' id='word_1_93' title='bbox 1073 1637 1155 1706; x_wconf 88' lang='lat' dir='ltr'><strong>erat,</strong></span> <span class='ocrx_word' id='word_1_94' title='bbox 1178 1627 1331 1694; x_wconf 88' lang='lat' dir='ltr'><strong>amicitia</strong></span> 
     </span>
     <span class='ocr_line' id='line_1_14' title="bbox 233 1729 1332 1818; baseline -0.005 -18"><span class='ocrx_word' id='word_1_95' title='bbox 233 1736 370 1818; x_wconf 78' lang='lat' dir='ltr'><strong>benigne</strong></span> <span class='ocrx_word' id='word_1_96' title='bbox 384 1737 577 1818; x_wconf 89' lang='lat' dir='ltr'><strong>impertiret,</strong></span> <span class='ocrx_word' id='word_1_97' title='bbox 592 1734 721 1816; x_wconf 85' lang='lat' dir='ltr'><strong>rogavi.</strong></span> <span class='ocrx_word' id='word_1_98' title='bbox 766 1731 935 1797; x_wconf 86' lang='lat' dir='ltr'><strong>Laudavit</strong></span> <span class='ocrx_word' id='word_1_99' title='bbox 949 1733 1000 1796; x_wconf 88' lang='lat' dir='ltr'><strong>vir</strong></span> <span class='ocrx_word' id='word_1_100' title='bbox 1015 1750 1160 1796; x_wconf 88' lang='lat' dir='ltr'><strong>summus</strong></span> <span class='ocrx_word' id='word_1_101' title='bbox 1174 1729 1332 1814; x_wconf 90' lang='lat' dir='ltr'><strong>proposi·</strong></span> 
     </span>
     <span class='ocr_line' id='line_1_15' title="bbox 233 1833 1332 1917; baseline -0.004 -17"><span class='ocrx_word' id='word_1_102' title='bbox 233 1842 304 1901; x_wconf 89' lang='lat' dir='ltr'><strong>tum</strong></span> <span class='ocrx_word' id='word_1_103' title='bbox 318 1855 440 1911; x_wconf 88' lang='lat' dir='ltr'><strong>meum,</strong></span> <span class='ocrx_word' id='word_1_104' title='bbox 454 1841 487 1899; x_wconf 92' lang='lat' dir='ltr'><strong>et</strong></span> <span class='ocrx_word' id='word_1_105' title='bbox 498 1833 680 1916; x_wconf 81' lang='lat' dir='ltr'><strong>insu‘gavit,</strong></span> <span class='ocrx_word' id='word_1_106' title='bbox 695 1837 743 1911; x_wconf 91' lang='lat' dir='ltr'><strong>ut,</strong></span> <span class='ocrx_word' id='word_1_107' title='bbox 757 1852 834 1917; x_wconf 90' lang='lat' dir='ltr'><strong>quae</strong></span> <span class='ocrx_word' id='word_1_108' title='bbox 844 1833 941 1897; x_wconf 90' lang='lat' dir='ltr'><strong>bonis</strong></span> <span class='ocrx_word' id='word_1_109' title='bbox 956 1833 1061 1898; x_wconf 89' lang='lat' dir='ltr'><strong>literis</strong></span> <span class='ocrx_word' id='word_1_110' title='bbox 1076 1833 1236 1915; x_wconf 87' lang='lat' dir='ltr'><strong>prodesse</strong></span> <span class='ocrx_word' id='word_1_111' title='bbox 1250 1849 1332 1914; x_wconf 85' lang='lat' dir='ltr'><strong>pos·</strong></span> 
     </span>
     <span class='ocr_line' id='line_1_16' title="bbox 233 1932 1332 2014; baseline -0.005 -14"><span class='ocrx_word' id='word_1_112' title='bbox 233 1942 316 2014; x_wconf 89' lang='lat' dir='ltr'><strong>sent,</strong></span> <span class='ocrx_word' id='word_1_113' title='bbox 338 1935 468 2000; x_wconf 85' lang='lat' dir='ltr'><strong>interire</strong></span> <span class='ocrx_word' id='word_1_114' title='bbox 490 1953 555 1998; x_wconf 91' lang='lat' dir='ltr'><strong>non</strong></span> <span class='ocrx_word' id='word_1_115' title='bbox 571 1937 722 1999; x_wconf 87' lang='lat' dir='ltr'><strong>sinerem.</strong></span> <span class='ocrx_word' id='word_1_116' title='bbox 767 1934 872 2013; x_wconf 81' lang='lat' dir='ltr'><strong>Quin,</strong></span> <span class='ocrx_word' id='word_1_117' title='bbox 897 1934 940 2000; x_wconf 89' lang='lat' dir='ltr'><strong>ad</strong></span> <span class='ocrx_word' id='word_1_118' title='bbox 964 1933 1188 1998; x_wconf 74' lang='lat' dir='ltr'><strong>edomandam</strong></span> <span class='ocrx_word' id='word_1_119' title='bbox 1211 1932 1332 1998; x_wconf 90' lang='lat' dir='ltr'><strong>editio·</strong></span> 
     </span>
     <span class='ocr_line' id='line_1_17' title="bbox 233 2031 1332 2115; baseline -0.005 -14"><span class='ocrx_word' id='word_1_120' title='bbox 233 2056 318 2115; x_wconf 75' lang='lat' dir='ltr'><strong>rtem,</strong></span> <span class='ocrx_word' id='word_1_121' title='bbox 340 2037 427 2100; x_wconf 88' lang='lat' dir='ltr'><strong>ultro</strong></span> <span class='ocrx_word' id='word_1_122' title='bbox 452 2035 578 2099; x_wconf 87' lang='lat' dir='ltr'><strong>obtulit</strong></span> <span class='ocrx_word' id='word_1_123' title='bbox 603 2035 743 2099; x_wconf 88' lang='lat' dir='ltr'><strong>Dictata</strong></span> <span class='ocrx_word' id='word_1_124' title='bbox 766 2035 831 2098; x_wconf 86' lang='lat' dir='ltr'><strong>viri</strong></span> <span class='ocrx_word' id='word_1_125' title='bbox 854 2035 1059 2099; x_wconf 86' lang='lat' dir='ltr'><strong>celeberrimi</strong></span> <span class='ocrx_word' id='word_1_126' title='bbox 1084 2031 1273 2098; x_wconf 82' lang='lat' dir='ltr'><strong>Ruhnkenii</strong></span> <span class='ocrx_word' id='word_1_127' title='bbox 1296 2033 1332 2096; x_wconf 91' lang='lat' dir='ltr'><strong>in</strong></span> 
     </span>
     <span class='ocr_line' id='line_1_18' title="bbox 233 2133 1331 2220; baseline -0.003 -19"><span class='ocrx_word' id='word_1_128' title='bbox 233 2136 425 2201; x_wconf 84' lang='lat' dir='ltr'><strong>Terentium</strong></span> <span class='ocrx_word' id='word_1_129' title='bbox 448 2135 681 2220; x_wconf 87' lang='lat' dir='ltr'><strong>manuscripta,</strong></span> <span class='ocrx_word' id='word_1_130' title='bbox 705 2153 783 2218; x_wconf 81' lang='lat' dir='ltr'><strong>quae</strong></span> <span class='ocrx_word' id='word_1_131' title='bbox 804 2136 856 2199; x_wconf 80' lang='lat' dir='ltr'><strong>vir</strong></span> <span class='ocrx_word' id='word_1_132' title='bbox 878 2135 1097 2200; x_wconf 91' lang='lat' dir='ltr'><strong>doctissimus</strong></span> <span class='ocrx_word' id='word_1_133' title='bbox 1123 2133 1331 2198; x_wconf 76' lang='lat' dir='ltr'><strong>Christianus</strong></span> 
     </span>
     <span class='ocr_line' id='line_1_19' title="bbox 234 2233 1332 2318; baseline -0.003 -16"><span class='ocrx_word' id='word_1_134' title='bbox 234 2236 430 2302; x_wconf 85' lang='lat' dir='ltr'><strong>Ludovicus</strong></span> <span class='ocrx_word' id='word_1_135' title='bbox 452 2236 554 2312; x_wconf 70' lang='lat' dir='ltr'><strong>Iena,</strong></span> <span class='ocrx_word' id='word_1_136' title='bbox 581 2234 726 2300; x_wconf 87' lang='lat' dir='ltr'><strong>director</strong></span> <span class='ocrx_word' id='word_1_137' title='bbox 750 2234 928 2318; x_wconf 85' lang='lat' dir='ltr'><strong>Gymnasii</strong></span> <span class='ocrx_word' id='word_1_138' title='bbox 954 2234 1163 2308; x_wconf 88' lang='lat' dir='ltr'><strong>Vinariensis</strong></span> <span class='ocrx_word' id='word_1_139' title='bbox 1188 2233 1332 2299; x_wconf 82' lang='lat' dir='ltr'><strong>meritis·</strong></span> 
     </span>
     <span class='ocr_line' id='line_1_20' title="bbox 232 2333 1331 2416; baseline -0.005 -12"><span class='ocrx_word' id='word_1_140' title='bbox 232 2339 351 2416; x_wconf 87' lang='lat' dir='ltr'><strong>simus,</strong></span> <span class='ocrx_word' id='word_1_141' title='bbox 372 2357 417 2401; x_wconf 87' lang='lat' dir='ltr'><strong>ex</strong></span> <span class='ocrx_word' id='word_1_142' title='bbox 439 2336 647 2402; x_wconf 88' lang='lat' dir='ltr'><strong>bibliotheca</strong></span> <span class='ocrx_word' id='word_1_143' title='bbox 669 2335 782 2402; x_wconf 86' lang='lat' dir='ltr'><strong>fratris</strong></span> <span class='ocrx_word' id='word_1_144' title='bbox 805 2337 869 2414; x_wconf 90' lang='lat' dir='ltr'><strong>sni,</strong></span> <span class='ocrx_word' id='word_1_145' title='bbox 895 2335 1011 2402; x_wconf 83' lang='lat' dir='ltr'><strong>Caroli</strong></span> <span class='ocrx_word' id='word_1_146' title='bbox 1028 2335 1219 2412; x_wconf 86' lang='lat' dir='ltr'><strong>Gottholdi,</strong></span> <span class='ocrx_word' id='word_1_147' title='bbox 1246 2333 1331 2398; x_wconf 89' lang='lat' dir='ltr'><strong>Pro-</strong></span> 
     </span>
     <span class='ocr_line' id='line_1_21' title="bbox 234 2435 1330 2521; baseline -0.005 -17"><span class='ocrx_word' id='word_1_148' title='bbox 234 2439 373 2505; x_wconf 83' lang='lat' dir='ltr'><strong>fessoris</strong></span> <span class='ocrx_word' id='word_1_149' title='bbox 388 2437 537 2504; x_wconf 85' lang='lat' dir='ltr'><strong>Gotbani</strong></span> <span class='ocrx_word' id='word_1_150' title='bbox 559 2438 682 2502; x_wconf 88' lang='lat' dir='ltr'><strong>mortni</strong></span> <span class='ocrx_word' id='word_1_151' title='bbox 708 2458 739 2502; x_wconf 90' lang='lat' dir='ltr'><strong>a.</strong></span> <span class='ocrx_word' id='word_1_152' title='bbox 762 2437 859 2502; x_wconf 84' lang='grc'><strong>1809.</strong></span> <span class='ocrx_word' id='word_1_153' title='bbox 880 2437 957 2521; x_wconf 89' lang='lat' dir='ltr'><strong>jure</strong></span> <span class='ocrx_word' id='word_1_154' title='bbox 979 2437 1190 2502; x_wconf 81' lang='lat' dir='ltr'><strong>baereditaric</strong></span> <span class='ocrx_word' id='word_1_155' title='bbox 1213 2435 1330 2519; x_wconf 89' lang='lat' dir='ltr'><strong>acqui·</strong></span> 
     </span>
     <span class='ocr_line' id='line_1_22' title="bbox 235 2537 1332 2620; baseline -0.004 -16"><span class='ocrx_word' id='word_1_156' title='bbox 235 2541 302 2604; x_wconf 88' lang='lat' dir='ltr'><strong>sita</strong></span> <span class='ocrx_word' id='word_1_157' title='bbox 328 2539 408 2604; x_wconf 90' lang='lat' dir='ltr'><strong>clim</strong></span> <span class='ocrx_word' id='word_1_158' title='bbox 437 2537 620 2620; x_wconf 84' lang='lat' dir='ltr'><strong>Boettigerc</strong></span> <span class='ocrx_word' id='word_1_159' title='bbox 647 2545 764 2602; x_wconf 88' lang='lat' dir='ltr'><strong>mutua</strong></span> <span class='ocrx_word' id='word_1_160' title='bbox 788 2538 940 2618; x_wconf 90' lang='lat' dir='ltr'><strong>dederat,</strong></span> <span class='ocrx_word' id='word_1_161' title='bbox 960 2544 994 2605; x_wconf 90' lang='lat' dir='ltr'><strong>et</strong></span> <span class='ocrx_word' id='word_1_162' title='bbox 1018 2559 1107 2604; x_wconf 92' lang='lat' dir='ltr'><strong>nnnc</strong></span> <span class='ocrx_word' id='word_1_163' title='bbox 1133 2539 1270 2616; x_wconf 88' lang='lat' dir='ltr'><strong>Halam,</strong></span> <span class='ocrx_word' id='word_1_164' title='bbox 1292 2540 1332 2600; x_wconf 89' lang='lat' dir='ltr'><strong>ut</strong></span> 
     </span>
     <span class='ocr_line' id='line_1_23' title="bbox 234 2637 1041 2715; baseline -0.001 -11"><span class='ocrx_word' id='word_1_165' title='bbox 234 2658 312 2704; x_wconf 87' lang='lat' dir='ltr'><strong>mea</strong></span> <span class='ocrx_word' id='word_1_166' title='bbox 323 2657 403 2704; x_wconf 89' lang='lat' dir='ltr'><strong>cura</strong></span> <span class='ocrx_word' id='word_1_167' title='bbox 416 2637 604 2715; x_wconf 89' lang='lat' dir='ltr'><strong>ederentur,</strong></span> <span class='ocrx_word' id='word_1_168' title='bbox 628 2639 803 2702; x_wconf 87' lang='lat' dir='ltr'><strong>transmitti</strong></span> <span class='ocrx_word' id='word_1_169' title='bbox 818 2649 1041 2706; x_wconf 87' lang='lat' dir='ltr'><strong>concesserat.</strong></span> 
     </span>
    </p>

    <p class='ocr_par' dir='ltr' id='par_1_4' title="bbox 233 2739 1333 4036">
     <span class='ocr_line' id='line_1_24' title="bbox 278 2739 1332 2822; baseline 0 -18"><span class='ocrx_word' id='word_1_170' title='bbox 278 2739 371 2804; x_wconf 84' lang='lat' dir='ltr'><strong>Inter</strong></span> <span class='ocrx_word' id='word_1_171' title='bbox 386 2743 539 2804; x_wconf 88' lang='lat' dir='ltr'><strong>auctores</strong></span> <span class='ocrx_word' id='word_1_172' title='bbox 554 2739 705 2814; x_wconf 88' lang='lat' dir='ltr'><strong>Latinos,</strong></span> <span class='ocrx_word' id='word_1_173' title='bbox 727 2756 813 2822; x_wconf 90' lang='lat' dir='ltr'><strong>quos</strong></span> <span class='ocrx_word' id='word_1_174' title='bbox 829 2739 864 2803; x_wconf 92' lang='lat' dir='ltr'><strong>in</strong></span> <span class='ocrx_word' id='word_1_175' title='bbox 879 2739 1004 2806; x_wconf 91' lang='lat' dir='ltr'><strong>scholis</strong></span> <span class='ocrx_word' id='word_1_176' title='bbox 1021 2741 1093 2807; x_wconf 87' lang='lat' dir='ltr'><strong>suis</strong></span> <span class='ocrx_word' id='word_1_177' title='bbox 1109 2741 1332 2806; x_wconf 85' lang='lat' dir='ltr'><strong>Ruhnkenius</strong></span> 
     </span>
     <span class='ocr_line' id='line_1_25' title="bbox 233 2841 1333 2924; baseline -0.003 -16"><span class='ocrx_word' id='word_1_178' title='bbox 233 2843 401 2920; x_wconf 84' lang='lat' dir='ltr'><strong>tractavit,</strong></span> <span class='ocrx_word' id='word_1_179' title='bbox 437 2841 544 2924; x_wconf 90' lang='lat' dir='ltr'><strong>primo</strong></span> <span class='ocrx_word' id='word_1_180' title='bbox 569 2841 647 2906; x_wconf 91' lang='lat' dir='ltr'><strong>loco</strong></span> <span class='ocrx_word' id='word_1_181' title='bbox 673 2843 716 2907; x_wconf 92' lang='lat' dir='ltr'><strong>ab</strong></span> <span class='ocrx_word' id='word_1_182' title='bbox 744 2842 992 2923; x_wconf 82' lang='lat' dir='ltr'><strong>elegantissimo</strong></span> <span class='ocrx_word' id='word_1_183' title='bbox 1019 2843 1112 2909; x_wconf 73' lang='lat' dir='ltr'><strong>Vitae</strong></span> <span class='ocrx_word' id='word_1_184' title='bbox 1142 2841 1333 2908; x_wconf 85' lang='lat' dir='ltr'><strong>Ruhnkenii</strong></span> 
     </span>
     <span class='ocr_line' id='line_1_26' title="bbox 234 2941 1331 3027; baseline -0.001 -19"><span class='ocrx_word' id='word_1_185' title='bbox 234 2944 395 3027; x_wconf 81' lang='lat' dir='ltr'><strong>scriptore</strong></span> <span class='ocrx_word' id='word_1_186' title='bbox 422 2941 683 3026; x_wconf 83' lang='lat' dir='ltr'><strong>Wyttenbacbic</strong></span> <span class='ocrx_word' id='word_1_187' title='bbox 706 2946 751 3022; x_wconf 87' lang='lat' dir='ltr'><strong>(v.</strong></span> <span class='ocrx_word' id='word_1_188' title='bbox 775 2943 867 3008; x_wconf 82' lang='lat' dir='ltr'><strong>Vitae</strong></span> <span class='ocrx_word' id='word_1_189' title='bbox 888 2944 931 3008; x_wconf 88' lang='grc' dir='ltr'><strong>Τ.</strong></span> <span class='ocrx_word' id='word_1_190' title='bbox 957 2944 1201 3010; x_wconf 88' lang='lat' dir='ltr'><strong>Hemsterbusii</strong></span> <span class='ocrx_word' id='word_1_191' title='bbox 1223 2951 1258 3008; x_wconf 88' lang='lat' dir='ltr'><strong>et</strong></span> <span class='ocrx_word' id='word_1_192' title='bbox 1289 2944 1331 3008; x_wconf 87' lang='lat' dir='ltr'><strong>D.</strong></span> 
     </span>
     <span class='ocr_line' id='line_1_27' title="bbox 237 3042 1333 3125; baseline -0.001 -17"><span class='ocrx_word' id='word_1_193' title='bbox 237 3042 429 3108; x_wconf 85' lang='lat' dir='ltr'><strong>Ruhnkenii</strong></span> <span class='ocrx_word' id='word_1_194' title='bbox 456 3043 550 3124; x_wconf 87' lang='lat' dir='ltr'><strong>Lips.</strong></span> <span class='ocrx_word' id='word_1_195' title='bbox 574 3043 673 3107; x_wconf 79' lang='lat'>1801.</span> <span class='ocrx_word' id='word_1_196' title='bbox 697 3062 732 3125; x_wconf 88' lang='lat' dir='ltr'><strong>p.</strong></span> <span class='ocrx_word' id='word_1_197' title='bbox 757 3044 846 3120; x_wconf 86' lang='grc'><strong>127.)</strong></span> <span class='ocrx_word' id='word_1_198' title='bbox 869 3043 1045 3110; x_wconf 89' lang='lat' dir='ltr'><strong>adducitur</strong></span> <span class='ocrx_word' id='word_1_199' title='bbox 1066 3045 1266 3125; x_wconf 80' lang='lat' dir='ltr'><strong>Terentius3</strong></span> <span class='ocrx_word' id='word_1_200' title='bbox 1297 3051 1333 3108; x_wconf 89' lang='lat' dir='ltr'><strong>et</strong></span> 
     </span>
     <span class='ocr_line' id='line_1_28' title="bbox 236 3143 1333 3226; baseline 0 -18"><span class='ocrx_word' id='word_1_201' title='bbox 236 3149 247 3178; x_wconf 87' lang='lat'><em>‘</em></span> <span class='ocrx_word' id='word_1_202' title='bbox 262 3143 479 3208; x_wconf 81' lang='lat' dir='ltr'><strong>Terentianae</strong></span> <span class='ocrx_word' id='word_1_203' title='bbox 505 3143 639 3208; x_wconf 89' lang='lat' dir='ltr'><strong>scholas</strong></span> <span class='ocrx_word' id='word_1_204' title='bbox 664 3163 701 3208; x_wconf 89' lang='lat' dir='ltr'><strong>se</strong></span> <span class='ocrx_word' id='word_1_205' title='bbox 715 3163 835 3226; x_wconf 80' lang='lat' dir='ltr'><strong>magno</strong></span> <span class='ocrx_word' id='word_1_206' title='bbox 848 3165 926 3210; x_wconf 92' lang='lat' dir='ltr'><strong>cum</strong></span> <span class='ocrx_word' id='word_1_207' title='bbox 941 3147 1101 3211; x_wconf 85' lang='lat' dir='ltr'><strong>doctrinae</strong></span> <span class='ocrx_word' id='word_1_208' title='bbox 1115 3145 1223 3210; x_wconf 83' lang='lat' dir='ltr'><strong>fructu</strong></span> <span class='ocrx_word' id='word_1_209' title='bbox 1238 3145 1333 3210; x_wconf 93' lang='lat' dir='ltr'><strong>audi·</strong></span> 
     </span>
     <span class='ocr_line' id='line_1_29' title="bbox 236 3241 1332 3331; baseline 0 -21"><span class='ocrx_word' id='word_1_210' title='bbox 236 3241 349 3310; x_wconf 87' lang='lat' dir='ltr'><strong>visse&#39;</strong></span> <span class='ocrx_word' id='word_1_211' title='bbox 371 3247 524 3322; x_wconf 88' lang='lat' dir='ltr'><strong>testatur,</strong></span> <span class='ocrx_word' id='word_1_212' title='bbox 548 3249 558 3279; x_wconf 89' lang='lat'>‘</span> <span class='ocrx_word' id='word_1_213' title='bbox 573 3251 611 3310; x_wconf 90' lang='lat' dir='ltr'><strong>ut</strong></span> <span class='ocrx_word' id='word_1_214' title='bbox 632 3250 703 3310; x_wconf 92' lang='lat' dir='ltr'><strong>tum</strong></span> <span class='ocrx_word' id='word_1_215' title='bbox 722 3246 855 3312; x_wconf 90' lang='lat' dir='ltr'><strong>demum</strong></span> <span class='ocrx_word' id='word_1_216' title='bbox 869 3248 905 3312; x_wconf 92' lang='lat' dir='ltr'><strong>in</strong></span> <span class='ocrx_word' id='word_1_217' title='bbox 919 3247 981 3312; x_wconf 91' lang='lat' dir='ltr'><strong>boc</strong></span> <span class='ocrx_word' id='word_1_218' title='bbox 995 3267 1111 3331; x_wconf 84' lang='lat' dir='ltr'><strong>genere</strong></span> <span class='ocrx_word' id='word_1_219' title='bbox 1125 3245 1254 3312; x_wconf 89' lang='lat' dir='ltr'><strong>discere</strong></span> <span class='ocrx_word' id='word_1_220' title='bbox 1267 3246 1332 3310; x_wconf 91' lang='lat' dir='ltr'><strong>sibi</strong></span> 
     </span>
     <span class='ocr_line' id='line_1_30' title="bbox 235 3343 1331 3441; baseline 0.004 -33"><span class='ocrx_word' id='word_1_221' title='bbox 235 3343 412 3422; x_wconf 85' lang='lat' dir='ltr'><strong>videretur,</strong></span> <span class='ocrx_word' id='word_1_222' title='bbox 433 3355 595 3427; x_wconf 88' lang='lat' dir='ltr'><strong>qnantum</strong></span> <span class='ocrx_word' id='word_1_223' title='bbox 611 3363 680 3411; x_wconf 79' lang='lat' dir='ltr'><strong>aera</strong></span> <span class='ocrx_word' id='word_1_224' title='bbox 693 3345 858 3413; x_wconf 86' lang='lat' dir='ltr'><strong>distarent</strong></span> <span class='ocrx_word' id='word_1_225' title='bbox 872 3349 1022 3432; x_wconf 88' lang='lat' dir='ltr'><strong>lupinis,’</strong></span> <span class='ocrx_word' id='word_1_226' title='bbox 1036 3351 1097 3414; x_wconf 82' lang='lat' dir='ltr'><strong>&amp;c</strong></span> <span class='ocrx_word' id='word_1_227' title='bbox 1144 3348 1331 3441; x_wconf 75' lang='lat' dir='ltr'><strong>Quamcu-</strong></span> 
     </span>
     <span class='ocr_line' id='line_1_31' title="bbox 236 3445 1332 3533; baseline 0.003 -23"><span class='ocrx_word' id='word_1_228' title='bbox 236 3451 307 3510; x_wconf 86' lang='lat' dir='ltr'><strong>tem</strong></span> <span class='ocrx_word' id='word_1_229' title='bbox 326 3445 489 3509; x_wconf 92' lang='lat' dir='ltr'><strong>rationem</strong></span> <span class='ocrx_word' id='word_1_230' title='bbox 511 3445 546 3508; x_wconf 92' lang='lat' dir='ltr'><strong>in</strong></span> <span class='ocrx_word' id='word_1_231' title='bbox 571 3445 635 3522; x_wconf 90' lang='lat' dir='ltr'><strong>his,</strong></span> <span class='ocrx_word' id='word_1_232' title='bbox 657 3465 733 3530; x_wconf 78' lang='lat' dir='ltr'><strong>qnae</strong></span> <span class='ocrx_word' id='word_1_233' title='bbox 755 3468 842 3514; x_wconf 93' lang='lat' dir='ltr'><strong>nunc</strong></span> <span class='ocrx_word' id='word_1_234' title='bbox 866 3449 1040 3533; x_wconf 88' lang='lat' dir='ltr'><strong>prodeunt,</strong></span> <span class='ocrx_word' id='word_1_235' title='bbox 1063 3449 1332 3515; x_wconf 86' lang='lat' dir='ltr'><strong>annotationibus</strong></span> 
     </span>
     <span class='ocr_line' id='line_1_32' title="bbox 238 3545 1332 3634; baseline 0.003 -24"><span class='ocrx_word' id='word_1_236' title='bbox 238 3545 457 3610; x_wconf 83' lang='lat' dir='ltr'><strong>Ruhnkenins</strong></span> <span class='ocrx_word' id='word_1_237' title='bbox 478 3545 599 3623; x_wconf 92' lang='lat' dir='ltr'><strong>inierit,</strong></span> <span class='ocrx_word' id='word_1_238' title='bbox 621 3546 713 3611; x_wconf 92' lang='lat' dir='ltr'><strong>idem</strong></span> <span class='ocrx_word' id='word_1_239' title='bbox 726 3547 1007 3632; x_wconf 78' lang='lat' dir='ltr'><strong>Wyttenbacbius</strong></span> <span class='ocrx_word' id='word_1_240' title='bbox 1029 3551 1191 3618; x_wconf 82' lang='lat' dir='ltr'><strong>iudicarit</strong></span> <span class='ocrx_word' id='word_1_241' title='bbox 1206 3570 1242 3634; x_wconf 91' lang='lat' dir='ltr'><strong>p.</strong></span> <span class='ocrx_word' id='word_1_242' title='bbox 1258 3551 1332 3616; x_wconf 83' lang='grc'><strong>126.</strong></span> 
     </span>
     <span class='ocr_line' id='line_1_33' title="bbox 237 3644 1332 3717; baseline 0.004 -6"><span class='ocrx_word' id='word_1_243' title='bbox 237 3644 313 3711; x_wconf 86' lang='lat' dir='ltr'><strong>‘Ad</strong></span> <span class='ocrx_word' id='word_1_244' title='bbox 328 3647 420 3712; x_wconf 88' lang='lat' dir='ltr'><strong>locos</strong></span> <span class='ocrx_word' id='word_1_245' title='bbox 435 3647 490 3711; x_wconf 87' lang='lat' dir='ltr'><strong>vel</strong></span> <span class='ocrx_word' id='word_1_246' title='bbox 503 3645 658 3712; x_wconf 89' lang='lat' dir='ltr'><strong>difficiles</strong></span> <span class='ocrx_word' id='word_1_247' title='bbox 673 3649 725 3712; x_wconf 90' lang='lat' dir='ltr'><strong>vel</strong></span> <span class='ocrx_word' id='word_1_248' title='bbox 737 3649 991 3717; x_wconf 87' lang='lat' dir='ltr'><strong>memorabiles&#39;</strong></span> <span class='ocrx_word' id='word_1_249' title='bbox 1013 3657 1183 3717; x_wconf 89' lang='lat' dir='ltr'><strong>anctorum</strong></span> <span class='ocrx_word' id='word_1_250' title='bbox 1198 3651 1332 3716; x_wconf 78' lang='lat' dir='ltr'><strong>Latino·</strong></span> 
     </span>
     <span class='ocr_line' id='line_1_34' title="bbox 236 3745 1332 3832; baseline 0.005 -21"><span class='ocrx_word' id='word_1_251' title='bbox 236 3767 311 3812; x_wconf 91' lang='lat' dir='ltr'><strong>rum</strong></span> <span class='ocrx_word' id='word_1_252' title='bbox 323 3767 344 3812; x_wconf 87' lang='lat' dir='ltr'><strong>a</strong></span> <span class='ocrx_word' id='word_1_253' title='bbox 358 3745 559 3812; x_wconf 85' lang='lat' dir='ltr'><strong>Ruhnkenio</strong></span> <span class='ocrx_word' id='word_1_254' title='bbox 570 3749 604 3811; x_wconf 93' lang='lat' dir='ltr'><strong>in</strong></span> <span class='ocrx_word' id='word_1_255' title='bbox 617 3747 892 3832; x_wconf 77' lang='lat' dir='ltr'><strong>praelectionibus</strong></span> <span class='ocrx_word' id='word_1_256' title='bbox 906 3751 1145 3816; x_wconf 86' lang='lat' dir='ltr'><strong>illustratorum</strong></span> <span class='ocrx_word' id='word_1_257' title='bbox 1159 3751 1332 3818; x_wconf 84' lang='lat' dir='ltr'><strong>‘dictabat</strong></span> 
     </span>
     <span class='ocr_line' id='line_1_35' title="bbox 237 3849 1331 3936; baseline 0.004 -24"><span class='ocrx_word' id='word_1_258' title='bbox 237 3849 473 3914; x_wconf 81' lang='lat' dir='ltr'><strong>annotationes</strong></span> <span class='ocrx_word' id='word_1_259' title='bbox 488 3851 609 3914; x_wconf 85' lang='lat' dir='ltr'><strong>breves</strong></span> <span class='ocrx_word' id='word_1_260' title='bbox 624 3849 757 3932; x_wconf 89' lang='lat' dir='ltr'><strong>quidem</strong></span> <span class='ocrx_word' id='word_1_261' title='bbox 771 3849 862 3930; x_wconf 86' lang='lat' dir='ltr'><strong>illas,</strong></span> <span class='ocrx_word' id='word_1_262' title='bbox 884 3851 944 3916; x_wconf 91' lang='lat' dir='ltr'><strong>sed</strong></span> <span class='ocrx_word' id='word_1_263' title='bbox 958 3852 1058 3916; x_wconf 85' lang='lat' dir='ltr'><strong>bonae</strong></span> <span class='ocrx_word' id='word_1_264' title='bbox 1073 3853 1175 3936; x_wconf 84' lang='lat' dir='ltr'><strong>frugis</strong></span> <span class='ocrx_word' id='word_1_265' title='bbox 1189 3851 1331 3936; x_wconf 72' lang='lat' dir='ltr'><strong>plenas.⁸</strong></span> 
     </span>
     <span class='ocr_line' id='line_1_36' title="bbox 237 3946 1332 4036; baseline 0.005 -24"><span class='ocrx_word' id='word_1_266' title='bbox 237 3946 349 4032; x_wconf 84' lang='lat' dir='ltr'><strong>Atque</strong></span> <span class='ocrx_word' id='word_1_267' title='bbox 363 3949 417 4014; x_wconf 86' lang='lat' dir='ltr'><strong>bae</strong></span> <span class='ocrx_word' id='word_1_268' title='bbox 440 3951 674 4015; x_wconf 84' lang='lat' dir='ltr'><strong>annotationes</strong></span> <span class='ocrx_word' id='word_1_269' title='bbox 696 3951 866 4018; x_wconf 85' lang='lat' dir='ltr'><strong>‘dictata’</strong></span> <span class='ocrx_word' id='word_1_270' title='bbox 887 3961 1053 4018; x_wconf 85' lang='lat' dir='ltr'><strong>vocantur</strong></span> <span class='ocrx_word' id='word_1_271' title='bbox 1067 3954 1110 4018; x_wconf 91' lang='lat' dir='ltr'><strong>ab</strong></span> <span class='ocrx_word' id='word_1_272' title='bbox 1124 3953 1201 4036; x_wconf 89' lang='lat' dir='ltr'><strong>ipso</strong></span> <span class='ocrx_word' id='word_1_273' title='bbox 1217 3952 1332 4018; x_wconf 87' lang='lat' dir='ltr'><strong>Rubn-</strong></span> 
     </span>
    </p>
   </div>
   <div class='ocr_carea' id='block_1_3' title="bbox 237 4048 1333 4240">
    <p class='ocr_par' dir='ltr' id='par_1_5' title="bbox 237 4048 1333 4240">
     <span class='ocr_line' id='line_1_37' title="bbox 237 4048 1333 4136; baseline 0.005 -24"><span class='ocrx_word' id='word_1_274' title='bbox 237 4048 340 4114; x_wconf 82' lang='lat' dir='ltr'><strong>kenio</strong></span> <span class='ocrx_word' id='word_1_275' title='bbox 362 4051 405 4116; x_wconf 88' lang='lat' dir='ltr'><strong>ad</strong></span> <span class='ocrx_word' id='word_1_276' title='bbox 427 4051 551 4117; x_wconf 84' lang='lat' dir='ltr'><strong>Heaut</strong></span> <span class='ocrx_word' id='word_1_277' title='bbox 568 4069 626 4116; x_wconf 91' lang='grc' dir='ltr'><strong>ιιι.</strong></span> <span class='ocrx_word' id='word_1_278' title='bbox 640 4051 674 4116; x_wconf 85' lang='grc'><strong>3.</strong></span> <span class='ocrx_word' id='word_1_279' title='bbox 687 4051 741 4117; x_wconf 84' lang='grc'><strong>23.</strong></span> <span class='ocrx_word' id='word_1_280' title='bbox 764 4051 854 4119; x_wconf 90' lang='lat' dir='ltr'><strong>Hec.</strong></span> <span class='ocrx_word' id='word_1_281' title='bbox 879 4070 903 4116; x_wconf 96' lang='grc' dir='ltr'><strong>ι.</strong></span> <span class='ocrx_word' id='word_1_282' title='bbox 916 4054 949 4119; x_wconf 91' lang='grc'><strong>2.</strong></span> <span class='ocrx_word' id='word_1_283' title='bbox 964 4054 1017 4120; x_wconf 78' lang='grc'><strong>73.</strong></span> <span class='ocrx_word' id='word_1_284' title='bbox 1063 4053 1209 4120; x_wconf 90' lang='lat' dir='ltr'><strong>Multum</strong></span> <span class='ocrx_word' id='word_1_285' title='bbox 1231 4055 1333 4136; x_wconf 80' lang='lat' dir='ltr'><strong>igitur</strong></span> 
     </span>
     <span class='ocr_line' id='line_1_38' title="bbox 238 4150 1330 4240; baseline 0.002 -22"><span class='ocrx_word' id='word_1_286' title='bbox 238 4150 391 4218; x_wconf 84' lang='lat' dir='ltr'><strong>differunt</strong></span> <span class='ocrx_word' id='word_1_287' title='bbox 405 4173 427 4218; x_wconf 91' lang='lat' dir='ltr'><strong>a</strong></span> <span class='ocrx_word' id='word_1_288' title='bbox 439 4155 537 4233; x_wconf 90' lang='lat' dir='ltr'><strong>notis,</strong></span> <span class='ocrx_word' id='word_1_289' title='bbox 559 4173 642 4238; x_wconf 89' lang='lat' dir='ltr'><strong>quas</strong></span> <span class='ocrx_word' id='word_1_290' title='bbox 658 4153 830 4220; x_wconf 84' lang='lat' dir='ltr'><strong>auditores</strong></span> <span class='ocrx_word' id='word_1_291' title='bbox 844 4175 888 4220; x_wconf 84' lang='lat' dir='ltr'><strong>ex</strong></span> <span class='ocrx_word' id='word_1_292' title='bbox 902 4175 960 4221; x_wconf 89' lang='lat' dir='ltr'><strong>ore</strong></span> <span class='ocrx_word' id='word_1_293' title='bbox 981 4154 1180 4240; x_wconf 79' lang='lat' dir='ltr'><strong>professoris</strong></span> <span class='ocrx_word' id='word_1_294' title='bbox 1202 4155 1330 4221; x_wconf 88' lang='lat' dir='ltr'><strong>calamo</strong></span> 
     </span>
    </p>
   </div>
   <div class='ocr_carea' id='block_1_4' title="bbox 0 0 1520 4892">
    <p class='ocr_par' dir='ltr' id='par_1_6' title="bbox 0 0 1520 4892">
     <span class='ocr_line' id='line_1_39' title="bbox 0 0 1520 4892; baseline 0 0"><span class='ocrx_word' id='word_1_295' title='bbox 0 0 1520 4892; x_wconf 95' lang='lat' dir='ltr'><strong> </strong></span> 
     </span>
    </p>
   </div>
  </div>
 </body>
</html>
