2948 4890
378 381 426 430 nn
448 379 601 430 uomere
625 379 939 432 nrrrnrrarorrrnus.
1141 367 1208 432 159

112 521 211 582 bembi
234 519 358 582 codiee:
379 520 466 582 ‘Neo
487 521 558 582 mibi
581 521 627 582 sas
649 541 715 582 erre
740 521 803 582 uile
824 541 871 582 ma
892 522 1045 602 voluptate
1068 521 1114 582 bie
1132 523 1210 582 frui!

112 619 288 696 Quanquam
302 615 398 676 codex
422 615 483 687 iiie,
503 616 542 676 de
564 636 625 694 quo
639 615 681 676 vir
694 616 885 677 doctissimus
900 627 989 696 atque
1003 617 1210 678 annotieaimna

112 714 229 776 meatur
242 723 372 784 nostroe,
392 710 459 790 plne
478 709 583 770 babuit
596 719 660 770 tunt
675 711 756 790 apud
771 731 825 772 noe
840 713 1044 784 venerationis,
1059 714 1097 794 ob
1110 723 1212 773 vetue-

114 817 212 881 utem,
238 817 302 868 tum
316 805 397 886 apud
418 805 501 866 iilum
516 803 661 884 opinionis
676 807 714 864 ob
728 807 900 878 novitatem,
921 825 1009 886 quam
1023 817 1165 886 quantum
1180 827 1212 868 re

116 903 177 982 ipra
199 912 344 982 proertore
358 899 491 960 valuerit·
533 900 646 960 Omitto
666 901 745 960 enirn
767 921 835 979 qum
857 897 896 960 ad
917 901 1093 980 privatarum
1107 921 1212 964 vocum

116 1001 260 1080 pertinent
272 998 433 1060 rationem:
448 1016 516 1056 nam
532 1015 583 1056 eae
597 997 627 1055 in
642 995 797 1076 Originum
812 996 893 1056 iibrir
904 997 955 1056 tibi
967 996 1211 1078 ratieexplieatar

115 1105 195 1174 puto.
237 1095 289 1166 At,
310 1092 392 1173 quod
415 1091 454 1152 ad
469 1111 604 1152 amanum
618 1091 746 1170 ipsorum
761 1100 874 1152 tractui
889 1101 1015 1169 spectat,
1036 1111 1133 1170 operte
1147 1111 1213 1171 pre·

117 1190 185 1254 tium
199 1199 249 1250 eat
267 1187 500 1250 animadvertere
514 1187 635 1260 multoe,
655 1187 707 1266 qui
729 1192 789 1246 non
804 1197 963 1248 constent:
984 1187 1075 1248 veluti
1088 1207 1104 1248 e
1119 1187 1213 1246 Phor·

117 1285 210 1348 mione
224 1284 326 1344 buno:
347 1283 482 1352 ‘Quarti
498 1293 565 1342 ertu
581 1301 640 1342 non
662 1281 865 1364 providentur,
889 1303 937 1344 rue
958 1295 1010 1344 ant
1028 1283 1130 1344 beram
1145 1302 1214 1362 per·

118 1378 315 1444 tundebant!
356 1378 402 1438 lta
415 1377 484 1438 diuo
497 1375 578 1458 apud
592 1377 682 1438 borne
697 1379 746 1458 qui
764 1377 905 1438 creticum
919 1378 1065 1458 recipiunt
1078 1379 1212 1440 nullum:

118 1476 343 1538 innormatibue
357 1483 458 1534 antem
470 1471 588 1532 molliur
603 1473 711 1553 legitur
725 1473 788 1533 rie:
812 1473 888 1543 Qrtae
903 1477 930 1534 ri
944 1493 1005 1534 nort
1026 1482 1094 1536 urta
1112 1477 1215 1555 pmi-

121 1571 238 1634 onim.
282 1569 340 1629 Ubi
364 1569 532 1630 octonarius
557 1580 613 1630 ert.
655 1569 729 1628 Item
754 1588 790 1628 ex
815 1567 1148 1632 Heautontimorumeno
1172 1573 1217 1634 rio

120 1668 205 1748 tegit:
221 1665 363 1746 ‘Pergin’
376 1665 480 1726 mniier
494 1665 600 1726 odiora
612 1663 700 1725 eneei
714 1663 865 1725 nullamne
878 1684 1006 1744 egerem
1017 1665 1046 1724 in
1060 1668 1119 1726 vita
1129 1667 1216 1728 maa!

120 1764 201 1825 Atio
216 1763 328 1824 raoatrir
344 1762 387 1822 eie
409 1759 536 1841 legitur:
562 1761 664 1820 Venire
683 1761 716 1820 in
730 1767 870 1822 meum:
890 1762 931 1818 eri
954 1762 1011 1822 eir.
1037 1761 1076 1822 ob
1095 1763 1227 1843 pergin*

121 1859 225 1922 nater
238 1861 321 1920 rrae?
341 1857 467 1918 ιῙΙΜι
480 1877 546 1938 ego.
589 1857 647 1918 Ubi
665 1857 761 1929 vider,
786 1857 812 1917 ri
833 1857 929 1918 addae
943 1860 1043 1920 omnia
1056 1859 1106 1924 iila
1118 1863 1218 1936 verba,

122 1977 186 2036 quaa
211 1953 386 2036 praecedunt
407 1953 662 2034 exprobrationem
677 1953 767 2026 renio,
788 1973 891 2014 veruna
906 1956 958 2014 fiat
971 1955 1068 2017 rtadio
1081 1956 1218 2038 longior:

122 2064 151 2112 at
163 2051 206 2112 iiii
221 2049 366 2112 octonarii
381 2059 461 2108 runt.
494 2048 604 2108 Verum
620 2047 701 2129 lepor
715 2067 833 2128 quoque
848 2049 878 2108 in
893 2051 988 2110 rerbir
1003 2061 1050 2112 ert
1063 2051 1131 2126 iiiia,
1150 2053 1218 2114 ‘Ob

122 2145 233 2226 pergin’
247 2145 353 2226 mulier
366 2163 434 2206 eree
444 2143 463 2204 :'
482 2142 549 2222 plur
564 2142 641 2202 enim
655 2153 702 2203 eet
715 2163 782 2204 eree
798 2145 958 2217 mulierem,
972 2165 1060 2226 quam
1075 2149 1220 2209 odiosam.

123 2242 157 2302 ln
177 2241 273 2303 altero
295 2249 395 2302 autem
418 2247 581 2318 aequante:
603 2237 699 2298 ‘Rem
723 2257 853 2318 unquam
877 2239 966 2312 volui,
987 2241 1059 2319 quin
1081 2252 1113 2302 tu
1136 2243 1165 2301 in
1185 2263 1222 2303 ea

123 2337 190 2400 mihi
211 2335 399 2399 adroraatrix
420 2335 522 2407 fuerin,
547 2335 684 2396 Sostrata
695 2333 717 2392 i'
760 2333 885 2394 Videtur
907 2335 1022 2415 syllaba
1035 2336 1221 2400 redundata:

124 2432 174 2492 red
197 2435 250 2506 ni,
273 2429 458 2512 pronunties,
484 2449 543 2490 non
558 2430 642 2490 milti.
684 2429 814 2492 Bembua
828 2441 926 2491 autem
946 2431 989 2492 ita
1010 2433 1092 2514 legit,
1114 2445 1148 2494 ut
1160 2453 1223 2494 una

125 2525 262 2588 deficiat:
285 2527 348 2588 rio:
374 2527 480 2588 Volui:
500 2525 573 2607 quin
587 2533 621 2586 tu
636 2527 669 2586 in
682 2547 715 2586 ra
733 2527 807 2588 mibi
820 2527 922 2606 saeris
944 2527 1131 2590 adornatrix
1154 2529 1225 2590 Sor·

126 2625 225 2684 irato?
240 2623 430 2684 locutionem
441 2640 560 2702 quoque
571 2641 631 2681 non
642 2621 745 2682 leviter
758 2631 955 2701 pertranseas.
984 2623 1037 2684 Ille
1048 2624 1126 2684 enim
1136 2624 1224 2685 dieite

130 2717 291 2780 Nullamne
305 2737 365 2778 rem
380 2717 481 2779 volnii
495 2737 567 2778 eane
581 2717 743 2778 tolerabilia
758 2737 865 2790 sermo,
878 2737 946 2777 cum
959 2719 1048 2776 verbo
1062 2717 1130 2790 boc,
1144 2718 1223 2780 volo.

127 2813 202 2874 Nam
215 2813 349 2892 negatio,
371 2833 438 2894 qum
452 2823 499 2874 ert
512 2814 542 2872 in
556 2815 684 2885 nomine,
707 2815 738 2872 in
752 2815 873 2873 verbum
888 2813 1002 2884 transit,
1026 2822 1056 2872 et
1070 2813 1113 2884 iit,
1132 2812 1224 2876 ullam

126 2927 186 2968 rem
198 2909 292 2970 nolui.
334 2908 403 2968 Non
429 2907 527 2989 poeria
541 2926 611 2968 vero
625 2905 722 2968 dicere
735 2927 804 2967 oum
816 2907 906 2968 verbo
920 2907 1126 2968 substantivo:
1148 2908 1225 2968 Nui-

126 3003 253 3066 laberer
267 3001 337 3064 eati
356 3021 485 3082 quonam
499 3001 590 3062 modo
603 3021 730 3081 namque
743 3011 834 3074 eruet,
848 3003 873 3064 ri
889 3021 949 3062 nun
963 3002 1031 3063 eati
1051 3023 1148 3084 neque
1161 3023 1225 3065 me·

127 3098 183 3160 line
206 3099 342 3178 procedit
363 3097 413 3160 iile
436 3119 472 3162 ex
493 3099 608 3170 eadem,
631 3117 719 3178 quem
741 3117 795 3158 noe
820 3097 881 3159 rio:
903 3098 1099 3160 ‘Suetuiietir
1120 3099 1163 3160 nic
1178 3111 1225 3161 aet

127 3194 254 3255 iautrrm:
269 3193 400 3267 domina,
411 3214 483 3274 ergo
493 3195 583 3256 berun
597 3194 706 3254 damno
717 3205 823 3256 auctus
833 3194 899 3256 ert.¹
920 3195 974 3256 ilie
985 3195 1041 3256 aie:
1054 3195 1228 3257 sutulari.-

127 3291 171 3352 rie
183 3290 371 3369 estfactum
384 3289 505 3362 domin,
518 3309 590 3370 ergo
604 3289 692 3352 aaut
705 3289 811 3350 mo
824 3295 929 3351 aerim
939 3297 992 3352 ret.
1023 3291 1227 3362 arduorum,

128 3399 195 3463 quae
209 3382 388 3444 dineuadent
401 3403 468 3444 erre
479 3383 691 3464 recipiendum.
726 3383 857 3445 Primum
870 3404 984 3459 vereor,
997 3387 1048 3466 qui
1061 3387 1229 3450 trochaicae

128 3479 187 3542 niz
208 3498 302 3560 quare
326 3479 356 3538 in
379 3479 485 3558 quinto
506 3479 583 3560 pede
596 3481 724 3540 iambum
738 3481 861 3542 rtatuitr
883 3501 938 3541 noa
952 3493 1148 3562 anapestum.
1190 3481 1230 3542 Et
1302 3511 1306 3520 ·

128 3575 226 3636 minue
241 3574 338 3636 simile
351 3575 411 3636 veri
427 3575 492 3648 fuit,
507 3575 587 3636 domi
602 3575 770 3650 educatam,
785 3587 874 3656 etque
888 3576 992 3637 berum
1006 3577 1145 3638 latuisse:
1165 3587 1230 3638 erat

128 3671 207 3730 enim
221 3669 344 3732 modica
358 3669 475 3744 domur,
495 3691 562 3750 quaa
576 3671 623 3732 rei
637 3693 724 3734 omna
737 3671 897 3733 Baoebidir
918 3681 1117 3752 premeretur:
1137 3689 1229 3750 quare

128 3765 231 3846 inepta
244 3765 351 3826 suimet
364 3767 565 3846 interrogatio.
595 3767 700 3847 Neque
713 3767 821 3828 initiet
835 3777 941 3826 auctus
956 3765 1077 3837 damno,
1090 3765 1231 3843 quoniam

128 3862 211 3929 domi
225 3859 403 3924 educasset:
423 3861 477 3924 red
491 3863 631 3942 quoniam
645 3862 747 3936 filiam,
760 3863 808 3922 cui
822 3861 878 3921 dor
892 3857 1025 3939 paranda
1038 3869 1130 3918 erret.
1170 3860 1232 3920 Ita-

128 3977 189 4039 que
202 3977 265 4018 non
279 3958 350 4019 forie
365 3957 553 4020 educandam
566 3957 661 4032 dedit,
676 3958 729 4019 ned
744 3954 961 4037 exponendam.
1004 3953 1152 4016 Praeterea
1164 3954 1234 4037 plur

128 4053 274 4134 impendii
287 4066 346 4128 eat,
366 4056 391 4115 ri
415 4053 486 4116 soria
500 4053 665 4116 educantur
680 4054 773 4127 liberi,
793 4071 882 4132 quam
896 4051 921 4112 ei
935 4051 1025 4112 domi.
1066 4050 1126 4111 Sed
1140 4061 1170 4112 et
1183 4051 1234 4113 iiie

129 4151 161 4210 in
177 4149 335 4225 Eunucho,
355 4159 421 4212 toto
434 4151 525 4212 verbo
537 4151 655 4230 longior
668 4159 725 4224 eat,
739 4159 849 4211 temere
862 4147 987 4228 repetito
1001 4167 1009 4207 :
1030 4153 1038 4182 ‘
1052 4145 1145 4228 idque
1159 4147 1239 4208 adeo

129 4245 247 4307 viram:
268 4245 364 4308 viram
378 4247 403 4307 ri
418 4245 555 4308 domi’et:
578 4245 715 4326 quianam
727 4245 798 4308 hine
812 4263 831 4306 a
844 4243 956 4307 Thaide
971 4241 1062 4304 exiti'
1095 4243 1156 4304 Sed
1170 4243 1236 4303 ubi·
