<?xml version="1.0" encoding="UTF-8"?>
<!DOCTYPE html PUBLIC "-//W3C//DTD XHTML 1.0 Transitional//EN"
    "http://www.w3.org/TR/xhtml1/DTD/xhtml1-transitional.dtd">
<html xmlns="http://www.w3.org/1999/xhtml" xml:lang="en" lang="en">
 <head>
  <title>
</title>
<meta http-equiv="Content-Type" content="text/html;charset=utf-8" />
  <meta name='ocr-system' content='tesseract 3.04.00' />
  <meta name='ocr-capabilities' content='ocr_page ocr_carea ocr_par ocr_line ocrx_word'/>
</head>
<body>
  <div class='ocr_page' id='page_1' title='image "./comoedisex05westgoog_0050.png"; bbox 0 0 3012 4892; ppageno 0'>
   <div class='ocr_carea' id='block_1_1' title="bbox 233 347 932 412">
    <p class='ocr_par' dir='ltr' id='par_1_1' title="bbox 233 347 932 412">
     <span class='ocr_line' id='line_1_1' title="bbox 233 347 932 412; baseline -0.014 0"><span class='ocrx_word' id='word_1_1' title='bbox 233 347 277 412; x_wconf 78' lang='lat' dir='ltr'>to</span> <span class='ocrx_word' id='word_1_2' title='bbox 622 357 804 406; x_wconf 73' lang='lat' dir='ltr'>censurii</span> <span class='ocrx_word' id='word_1_3' title='bbox 833 355 932 404; x_wconf 82' lang='lat' dir='ltr'>vrrs.</span> 
     </span>
    </p>
   </div>
   <div class='ocr_carea' id='block_1_2' title="bbox 231 496 1330 1435">
    <p class='ocr_par' dir='ltr' id='par_1_2' title="bbox 231 496 1330 1435">
     <span class='ocr_line' id='line_1_2' title="bbox 234 496 1327 578; baseline -0.004 -16"><span class='ocrx_word' id='word_1_4' title='bbox 234 503 276 562; x_wconf 88' lang='lat' dir='ltr'>aT</span> <span class='ocrx_word' id='word_1_5' title='bbox 290 501 403 560; x_wconf 84' lang='lat' dir='ltr'>ercutio</span> <span class='ocrx_word' id='word_1_6' title='bbox 417 496 545 578; x_wconf 87' lang='lat' dir='ltr'>quodaru</span> <span class='ocrx_word' id='word_1_7' title='bbox 562 499 682 558; x_wconf 76' lang='lat' dir='ltr'>Lucano</span> <span class='ocrx_word' id='word_1_8' title='bbox 697 508 802 569; x_wconf 89' lang='lat' dir='ltr'>emtus,</span> <span class='ocrx_word' id='word_1_9' title='bbox 822 516 911 576; x_wconf 85' lang='lat' dir='ltr'>aquo</span> <span class='ocrx_word' id='word_1_10' title='bbox 926 507 1075 556; x_wconf 84' lang='lat' dir='ltr'>etnomeu</span> <span class='ocrx_word' id='word_1_11' title='bbox 1092 496 1187 574; x_wconf 88' lang='lat' dir='ltr'>ipsum</span> <span class='ocrx_word' id='word_1_12' title='bbox 1201 496 1327 558; x_wconf 64' lang='lat' dir='ltr'>sonasse</span> 
     </span>
     <span class='ocr_line' id='line_1_3' title="bbox 233 591 1328 678; baseline -0.004 -22"><span class='ocrx_word' id='word_1_13' title='bbox 233 597 329 678; x_wconf 90' lang='lat' dir='ltr'>potuit</span> <span class='ocrx_word' id='word_1_14' title='bbox 351 595 495 674; x_wconf 82' lang='lat' dir='ltr'>accipere,</span> <span class='ocrx_word' id='word_1_15' title='bbox 518 594 603 653; x_wconf 86' lang='lat' dir='ltr'>aliter</span> <span class='ocrx_word' id='word_1_16' title='bbox 624 605 712 654; x_wconf 85' lang='lat' dir='ltr'>antea</span> <span class='ocrx_word' id='word_1_17' title='bbox 737 594 834 654; x_wconf 91' lang='lat' dir='ltr'>dictus</span> <span class='ocrx_word' id='word_1_18' title='bbox 856 593 936 672; x_wconf 89' lang='lat' dir='ltr'>apud</span> <span class='ocrx_word' id='word_1_19' title='bbox 957 611 1039 652; x_wconf 90' lang='lat' dir='ltr'>suos.</span> <span class='ocrx_word' id='word_1_20' title='bbox 1082 592 1128 650; x_wconf 91' lang='lat' dir='ltr'>De</span> <span class='ocrx_word' id='word_1_21' title='bbox 1149 591 1206 652; x_wconf 92' lang='lat' dir='ltr'>hoc</span> <span class='ocrx_word' id='word_1_22' title='bbox 1227 604 1328 652; x_wconf 82' lang='lat' dir='ltr'>tamen</span> 
     </span>
     <span class='ocr_line' id='line_1_4' title="bbox 233 687 1328 772; baseline -0.005 -20"><span class='ocrx_word' id='word_1_23' title='bbox 233 701 338 772; x_wconf 75' lang='lat' dir='ltr'>preter</span> <span class='ocrx_word' id='word_1_24' title='bbox 351 689 549 768; x_wconf 84' lang='lat' dir='ltr'>conjecturem</span> <span class='ocrx_word' id='word_1_25' title='bbox 566 688 663 750; x_wconf 87' lang='lat' dir='ltr'>habeo</span> <span class='ocrx_word' id='word_1_26' title='bbox 678 688 759 748; x_wconf 90' lang='lat' dir='ltr'>nihil.</span> <span class='ocrx_word' id='word_1_27' title='bbox 802 689 836 748; x_wconf 93' lang='lat' dir='ltr'>ld</span> <span class='ocrx_word' id='word_1_28' title='bbox 851 687 931 767; x_wconf 91' lang='lat' dir='ltr'>quod</span> <span class='ocrx_word' id='word_1_29' title='bbox 945 697 1074 760; x_wconf 81' lang='lat' dir='ltr'>constet,</span> <span class='ocrx_word' id='word_1_30' title='bbox 1093 687 1192 747; x_wconf 75' lang='lat' dir='ltr'>literas</span> <span class='ocrx_word' id='word_1_31' title='bbox 1206 688 1328 748; x_wconf 85' lang='lat' dir='ltr'>Latinas</span> 
     </span>
     <span class='ocr_line' id='line_1_5' title="bbox 234 781 1328 863; baseline -0.003 -18"><span class='ocrx_word' id='word_1_32' title='bbox 234 787 337 846; x_wconf 79' lang='lat' dir='ltr'>Romae</span> <span class='ocrx_word' id='word_1_33' title='bbox 352 785 463 856; x_wconf 83' lang='lat' dir='ltr'>didicit,</span> <span class='ocrx_word' id='word_1_34' title='bbox 478 783 517 844; x_wconf 88' lang='lat' dir='ltr'>ad</span> <span class='ocrx_word' id='word_1_35' title='bbox 527 785 673 863; x_wconf 70' lang='lat' dir='ltr'>poeticam</span> <span class='ocrx_word' id='word_1_36' title='bbox 687 803 808 862; x_wconf 89' lang='lat' dir='ltr'>pronus,</span> <span class='ocrx_word' id='word_1_37' title='bbox 818 795 848 844; x_wconf 92' lang='lat' dir='ltr'>et</span> <span class='ocrx_word' id='word_1_38' title='bbox 858 783 1002 862; x_wconf 75' lang='lat' dir='ltr'>praecipue</span> <span class='ocrx_word' id='word_1_39' title='bbox 1009 781 1200 851; x_wconf 75' lang='lat' dir='ltr'>comoediaurr</span> <span class='ocrx_word' id='word_1_40' title='bbox 1222 802 1282 861; x_wconf 89' lang='lat' dir='ltr'>quo</span> <span class='ocrx_word' id='word_1_41' title='bbox 1296 781 1328 842; x_wconf 91' lang='lat' dir='ltr'>in</span> 
     </span>
     <span class='ocr_line' id='line_1_6' title="bbox 234 877 1328 960; baseline -0.004 -18"><span class='ocrx_word' id='word_1_42' title='bbox 234 900 342 960; x_wconf 82' lang='lat' dir='ltr'>genere</span> <span class='ocrx_word' id='word_1_43' title='bbox 356 880 454 952; x_wconf 83' lang='lat' dir='ltr'>facile,</span> <span class='ocrx_word' id='word_1_44' title='bbox 468 891 502 940; x_wconf 92' lang='lat' dir='ltr'>ut</span> <span class='ocrx_word' id='word_1_45' title='bbox 516 879 585 940; x_wconf 91' lang='lat' dir='ltr'>mihi</span> <span class='ocrx_word' id='word_1_46' title='bbox 600 879 725 953; x_wconf 88' lang='lat' dir='ltr'>videtur,</span> <span class='ocrx_word' id='word_1_47' title='bbox 740 899 841 940; x_wconf 87' lang='lat' dir='ltr'>omnes</span> <span class='ocrx_word' id='word_1_48' title='bbox 853 889 921 940; x_wconf 89' lang='lat' dir='ltr'>ante</span> <span class='ocrx_word' id='word_1_49' title='bbox 936 899 967 939; x_wconf 93' lang='lat' dir='ltr'>se</span> <span class='ocrx_word' id='word_1_50' title='bbox 977 879 1056 938; x_wconf 86' lang='lat' dir='ltr'>vicit.</span> <span class='ocrx_word' id='word_1_51' title='bbox 1083 877 1158 938; x_wconf 86' lang='lat' dir='ltr'>Nam</span> <span class='ocrx_word' id='word_1_52' title='bbox 1168 889 1328 956; x_wconf 74' lang='lat' dir='ltr'>sequentes</span> 
     </span>
     <span class='ocr_line' id='line_1_7' title="bbox 232 971 1327 1054; baseline -0.004 -18"><span class='ocrx_word' id='word_1_53' title='bbox 232 977 353 1036; x_wconf 81' lang='lat' dir='ltr'>etiams</span> <span class='ocrx_word' id='word_1_54' title='bbox 377 971 532 1037; x_wconf 79' lang='lat' dir='ltr'>scribendo</span> <span class='ocrx_word' id='word_1_55' title='bbox 554 975 703 1049; x_wconf 90' lang='lat' dir='ltr'>deterruit,</span> <span class='ocrx_word' id='word_1_56' title='bbox 728 996 784 1036; x_wconf 87' lang='lat' dir='ltr'>nec</span> <span class='ocrx_word' id='word_1_57' title='bbox 806 977 877 1044; x_wconf 84' lang='lat' dir='ltr'>lere,</span> <span class='ocrx_word' id='word_1_58' title='bbox 902 993 989 1054; x_wconf 86' lang='lat' dir='ltr'>quem</span> <span class='ocrx_word' id='word_1_59' title='bbox 1012 975 1150 1044; x_wconf 87' lang='lat' dir='ltr'>noverim,</span> <span class='ocrx_word' id='word_1_60' title='bbox 1174 973 1327 1034; x_wconf 79' lang='lat' dir='ltr'>comoediae</span> 
     </span>
     <span class='ocr_line' id='line_1_8' title="bbox 233 1068 1327 1152; baseline -0.004 -20"><span class='ocrx_word' id='word_1_61' title='bbox 233 1072 357 1152; x_wconf 80' lang='lat' dir='ltr'>scriptor</span> <span class='ocrx_word' id='word_1_62' title='bbox 370 1072 467 1132; x_wconf 81' lang='lat' dir='ltr'>clarus</span> <span class='ocrx_word' id='word_1_63' title='bbox 487 1083 556 1150; x_wconf 87' lang='lat' dir='ltr'>post</span> <span class='ocrx_word' id='word_1_64' title='bbox 578 1071 745 1131; x_wconf 87' lang='lat' dir='ltr'>Terentium</span> <span class='ocrx_word' id='word_1_65' title='bbox 771 1071 835 1130; x_wconf 84' lang='lat' dir='ltr'>luit.</span> <span class='ocrx_word' id='word_1_66' title='bbox 891 1069 1014 1149; x_wconf 76' lang='lat' dir='ltr'>Scripsit</span> <span class='ocrx_word' id='word_1_67' title='bbox 1038 1068 1198 1129; x_wconf 80' lang='lat' dir='ltr'>comcedias</span> <span class='ocrx_word' id='word_1_68' title='bbox 1225 1069 1327 1128; x_wconf 84' lang='lat' dir='ltr'>forsan</span> 
     </span>
     <span class='ocr_line' id='line_1_9' title="bbox 231 1162 1327 1246; baseline -0.004 -20"><span class='ocrx_word' id='word_1_69' title='bbox 231 1167 346 1246; x_wconf 60' lang='lat' dir='ltr'>plurem</span> <span class='ocrx_word' id='word_1_70' title='bbox 368 1167 433 1240; x_wconf 87' lang='lat' dir='ltr'>sed,</span> <span class='ocrx_word' id='word_1_71' title='bbox 447 1187 514 1246; x_wconf 81' lang='lat' dir='ltr'>quse</span> <span class='ocrx_word' id='word_1_72' title='bbox 528 1167 673 1226; x_wconf 88' lang='lat' dir='ltr'>habentur</span> <span class='ocrx_word' id='word_1_73' title='bbox 686 1167 717 1224; x_wconf 94' lang='lat' dir='ltr'>in</span> <span class='ocrx_word' id='word_1_74' title='bbox 731 1167 878 1239; x_wconf 82' lang='lat' dir='ltr'>menibus,</span> <span class='ocrx_word' id='word_1_75' title='bbox 892 1184 945 1225; x_wconf 82' lang='lat' dir='ltr'>sex</span> <span class='ocrx_word' id='word_1_76' title='bbox 956 1173 1036 1236; x_wconf 90' lang='lat' dir='ltr'>sunt,</span> <span class='ocrx_word' id='word_1_77' title='bbox 1047 1183 1114 1243; x_wconf 79' lang='lat' dir='ltr'>quse</span> <span class='ocrx_word' id='word_1_78' title='bbox 1126 1183 1178 1243; x_wconf 90' lang='lat' dir='ltr'>per</span> <span class='ocrx_word' id='word_1_79' title='bbox 1191 1162 1327 1224; x_wconf 80' lang='lat' dir='ltr'>ordinem</span> 
     </span>
     <span class='ocr_line' id='line_1_10' title="bbox 232 1258 1326 1340; baseline -0.005 -18"><span class='ocrx_word' id='word_1_80' title='bbox 232 1262 289 1322; x_wconf 89' lang='lat' dir='ltr'>hoc</span> <span class='ocrx_word' id='word_1_81' title='bbox 303 1261 451 1324; x_wconf 85' lang='lat' dir='ltr'>volumine</span> <span class='ocrx_word' id='word_1_82' title='bbox 475 1262 685 1323; x_wconf 76' lang='lat' dir='ltr'>continenturs</span> <span class='ocrx_word' id='word_1_83' title='bbox 711 1261 844 1340; x_wconf 79' lang='lat' dir='ltr'>quamvis</span> <span class='ocrx_word' id='word_1_84' title='bbox 868 1261 932 1340; x_wconf 84' lang='lat' dir='ltr'>ipse</span> <span class='ocrx_word' id='word_1_85' title='bbox 956 1259 1029 1320; x_wconf 89' lang='lat' dir='ltr'>ordo</span> <span class='ocrx_word' id='word_1_86' title='bbox 1053 1279 1113 1320; x_wconf 91' lang='lat' dir='ltr'>non</span> <span class='ocrx_word' id='word_1_87' title='bbox 1135 1260 1165 1318; x_wconf 92' lang='lat' dir='ltr'>in</span> <span class='ocrx_word' id='word_1_88' title='bbox 1189 1258 1326 1318; x_wconf 88' lang='lat' dir='ltr'>omnibus</span> 
     </span>
     <span class='ocr_line' id='line_1_11' title="bbox 233 1354 1330 1435; baseline -0.005 -19"><span class='ocrx_word' id='word_1_89' title='bbox 233 1355 432 1418; x_wconf 80' lang='lat' dir='ltr'>voluminibus</span> <span class='ocrx_word' id='word_1_90' title='bbox 454 1376 531 1416; x_wconf 90' lang='lat' dir='ltr'>unus</span> <span class='ocrx_word' id='word_1_91' title='bbox 555 1356 603 1416; x_wconf 89' lang='lat' dir='ltr'>sit.</span> <span class='ocrx_word' id='word_1_92' title='bbox 645 1355 812 1435; x_wconf 85' lang='lat' dir='ltr'>Utcumque</span> <span class='ocrx_word' id='word_1_93' title='bbox 836 1375 905 1416; x_wconf 85' lang='lat' dir='ltr'>vero</span> <span class='ocrx_word' id='word_1_94' title='bbox 927 1356 986 1416; x_wconf 86' lang='lat' dir='ltr'>sint</span> <span class='ocrx_word' id='word_1_95' title='bbox 1005 1355 1082 1429; x_wconf 80' lang='lat' dir='ltr'>alioe,</span> <span class='ocrx_word' id='word_1_96' title='bbox 1105 1355 1213 1432; x_wconf 89' lang='lat' dir='ltr'>ubique</span> <span class='ocrx_word' id='word_1_97' title='bbox 1234 1354 1330 1433; x_wconf 84' lang='lat' dir='ltr'>prima</span> 
     </span>
    </p>
   </div>
   <div class='ocr_carea' id='block_1_3' title="bbox 231 1449 1326 1824">
    <p class='ocr_par' dir='ltr' id='par_1_3' title="bbox 231 1449 1326 1824">
     <span class='ocr_line' id='line_1_12' title="bbox 232 1449 1326 1534; baseline -0.005 -21"><span class='ocrx_word' id='word_1_98' title='bbox 232 1454 362 1513; x_wconf 87' lang='lat' dir='ltr'>omnium</span> <span class='ocrx_word' id='word_1_99' title='bbox 376 1463 423 1512; x_wconf 87' lang='lat' dir='ltr'>est</span> <span class='ocrx_word' id='word_1_100' title='bbox 435 1453 567 1513; x_wconf 89' lang='lat' dir='ltr'>Andria:</span> <span class='ocrx_word' id='word_1_101' title='bbox 590 1471 680 1532; x_wconf 86' lang='lat' dir='ltr'>quam</span> <span class='ocrx_word' id='word_1_102' title='bbox 700 1451 893 1525; x_wconf 83' lang='lat' dir='ltr'>Comrediam,</span> <span class='ocrx_word' id='word_1_103' title='bbox 918 1452 1089 1534; x_wconf 87' lang='lat' dir='ltr'>priusquam</span> <span class='ocrx_word' id='word_1_104' title='bbox 1103 1449 1239 1510; x_wconf 75' lang='lat' dir='ltr'>sedilibus</span> <span class='ocrx_word' id='word_1_105' title='bbox 1253 1466 1326 1508; x_wconf 82' lang='lat' dir='ltr'>uen-</span> 
     </span>
     <span class='ocr_line' id='line_1_13' title="bbox 232 1544 1326 1624; baseline -0.005 -16"><span class='ocrx_word' id='word_1_106' title='bbox 232 1547 325 1621; x_wconf 89' lang='lat' dir='ltr'>deret,</span> <span class='ocrx_word' id='word_1_107' title='bbox 337 1561 371 1608; x_wconf 90' lang='lat' dir='ltr'>ut</span> <span class='ocrx_word' id='word_1_108' title='bbox 385 1549 528 1610; x_wconf 87' lang='lat' dir='ltr'>Eusebius</span> <span class='ocrx_word' id='word_1_109' title='bbox 545 1548 623 1610; x_wconf 91' lang='lat' dir='ltr'>idern</span> <span class='ocrx_word' id='word_1_110' title='bbox 638 1549 689 1621; x_wconf 87' lang='lat' dir='ltr'>ait,</span> <span class='ocrx_word' id='word_1_111' title='bbox 705 1547 826 1608; x_wconf 74' lang='lat' dir='ltr'>eccilio</span> <span class='ocrx_word' id='word_1_112' title='bbox 840 1547 964 1608; x_wconf 88' lang='lat' dir='ltr'>multum</span> <span class='ocrx_word' id='word_1_113' title='bbox 978 1566 1011 1606; x_wconf 90' lang='lat' dir='ltr'>se</span> <span class='ocrx_word' id='word_1_114' title='bbox 1026 1545 1142 1606; x_wconf 86' lang='lat' dir='ltr'>miranti</span> <span class='ocrx_word' id='word_1_115' title='bbox 1155 1544 1237 1624; x_wconf 87' lang='lat' dir='ltr'>legit.</span> <span class='ocrx_word' id='word_1_116' title='bbox 1277 1545 1326 1604; x_wconf 89' lang='lat' dir='ltr'>De</span> 
     </span>
     <span class='ocr_line' id='line_1_14' title="bbox 231 1640 1325 1724; baseline -0.005 -18"><span class='ocrx_word' id='word_1_117' title='bbox 231 1646 353 1706; x_wconf 87' lang='lat' dir='ltr'>materia</span> <span class='ocrx_word' id='word_1_118' title='bbox 367 1644 584 1706; x_wconf 85' lang='lat' dir='ltr'>Comoediarum</span> <span class='ocrx_word' id='word_1_119' title='bbox 599 1644 678 1724; x_wconf 92' lang='lat' dir='ltr'>loqui</span> <span class='ocrx_word' id='word_1_120' title='bbox 692 1645 837 1724; x_wconf 82' lang='lat' dir='ltr'>prolixum</span> <span class='ocrx_word' id='word_1_121' title='bbox 847 1653 910 1704; x_wconf 83' lang='lat' dir='ltr'>est:</span> <span class='ocrx_word' id='word_1_122' title='bbox 932 1643 970 1703; x_wconf 91' lang='lat' dir='ltr'>de</span> <span class='ocrx_word' id='word_1_123' title='bbox 981 1642 1162 1722; x_wconf 83' lang='lat' dir='ltr'>expositione</span> <span class='ocrx_word' id='word_1_124' title='bbox 1172 1640 1325 1722; x_wconf 81' lang='lat' dir='ltr'>prolixius.</span> 
     </span>
     <span class='ocr_line' id='line_1_15' title="bbox 232 1737 1326 1824; baseline -0.004 -25"><span class='ocrx_word' id='word_1_125' title='bbox 232 1739 292 1800; x_wconf 86' lang='lat' dir='ltr'>Sed</span> <span class='ocrx_word' id='word_1_126' title='bbox 306 1740 448 1820; x_wconf 87' lang='lat' dir='ltr'>cujusque</span> <span class='ocrx_word' id='word_1_127' title='bbox 463 1739 612 1800; x_wconf 87' lang='lat' dir='ltr'>materiam</span> <span class='ocrx_word' id='word_1_128' title='bbox 628 1741 658 1800; x_wconf 92' lang='lat' dir='ltr'>in</span> <span class='ocrx_word' id='word_1_129' title='bbox 674 1751 848 1824; x_wconf 76' lang='lat' dir='ltr'>argumento</span> <span class='ocrx_word' id='word_1_130' title='bbox 866 1740 929 1820; x_wconf 84' lang='lat' dir='ltr'>ejus</span> <span class='ocrx_word' id='word_1_131' title='bbox 944 1739 1120 1819; x_wconf 80' lang='lat' dir='ltr'>perbreviter</span> <span class='ocrx_word' id='word_1_132' title='bbox 1132 1737 1326 1816; x_wconf 85' lang='lat' dir='ltr'>comprehen-</span> 
     </span>
    </p>
   </div>
   <div class='ocr_carea' id='block_1_4' title="bbox 179 1832 1325 4217">
    <p class='ocr_par' dir='ltr' id='par_1_4' title="bbox 179 1832 1325 4217">
     <span class='ocr_line' id='line_1_16' title="bbox 231 1832 1325 1915; baseline -0.001 -20"><span class='ocrx_word' id='word_1_133' title='bbox 231 1855 293 1895; x_wconf 89' lang='lat' dir='ltr'>sam</span> <span class='ocrx_word' id='word_1_134' title='bbox 322 1837 414 1896; x_wconf 87' lang='lat' dir='ltr'>lector</span> <span class='ocrx_word' id='word_1_135' title='bbox 438 1835 586 1903; x_wconf 72' lang='lat' dir='ltr'>invenietr</span> <span class='ocrx_word' id='word_1_136' title='bbox 619 1835 832 1915; x_wconf 84' lang='lat' dir='ltr'>expositionem</span> <span class='ocrx_word' id='word_1_137' title='bbox 860 1835 959 1895; x_wconf 91' lang='lat' dir='ltr'>studio</span> <span class='ocrx_word' id='word_1_138' title='bbox 981 1845 1012 1895; x_wconf 90' lang='lat' dir='ltr'>et</span> <span class='ocrx_word' id='word_1_139' title='bbox 1034 1833 1153 1912; x_wconf 85' lang='lat' dir='ltr'>ingenio</span> <span class='ocrx_word' id='word_1_140' title='bbox 1178 1832 1325 1894; x_wconf 89' lang='lat' dir='ltr'>molietur.</span> 
     </span>
     <span class='ocr_line' id='line_1_17' title="bbox 231 1929 1324 2010; baseline -0.001 -21"><span class='ocrx_word' id='word_1_141' title='bbox 231 1930 335 1990; x_wconf 88' lang='lat' dir='ltr'>Genus</span> <span class='ocrx_word' id='word_1_142' title='bbox 361 1931 505 2010; x_wconf 63' lang='lat' dir='ltr'>poimatis</span> <span class='ocrx_word' id='word_1_143' title='bbox 533 1949 650 1990; x_wconf 92' lang='lat' dir='ltr'>carmen</span> <span class='ocrx_word' id='word_1_144' title='bbox 679 1931 847 2002; x_wconf 86' lang='lat' dir='ltr'>iambicum,</span> <span class='ocrx_word' id='word_1_145' title='bbox 876 1931 929 1991; x_wconf 91' lang='lat' dir='ltr'>sed</span> <span class='ocrx_word' id='word_1_146' title='bbox 957 1930 1078 1990; x_wconf 84' lang='lat' dir='ltr'>verium.</span> <span class='ocrx_word' id='word_1_147' title='bbox 1127 1929 1220 1989; x_wconf 90' lang='lat' dir='ltr'>lambi</span> <span class='ocrx_word' id='word_1_148' title='bbox 1246 1930 1324 1988; x_wconf 89' lang='lat' dir='ltr'>enim</span> 
     </span>
     <span class='ocr_line' id='line_1_18' title="bbox 229 2015 1325 2106; baseline -0.004 -20"><span class='ocrx_word' id='word_1_149' title='bbox 229 2026 360 2086; x_wconf 76' lang='lat' dir='ltr'>materiae</span> <span class='ocrx_word' id='word_1_150' title='bbox 375 2026 494 2086; x_wconf 76' lang='lat' dir='ltr'>comicas</span> <span class='ocrx_word' id='word_1_151' title='bbox 509 2027 570 2106; x_wconf 88' lang='lat' dir='ltr'>apti</span> <span class='ocrx_word' id='word_1_152' title='bbox 585 2015 665 2086; x_wconf 87' lang='lat' dir='ltr'>sunt.</span> <span class='ocrx_word' id='word_1_153' title='bbox 706 2028 742 2086; x_wconf 91' lang='lat' dir='ltr'>ln</span> <span class='ocrx_word' id='word_1_154' title='bbox 757 2027 917 2088; x_wconf 69' lang='lat' dir='ltr'>Comoediis</span> <span class='ocrx_word' id='word_1_155' title='bbox 929 2025 1047 2106; x_wconf 86' lang='lat' dir='ltr'>quidem</span> <span class='ocrx_word' id='word_1_156' title='bbox 1057 2043 1204 2105; x_wconf 86' lang='lat' dir='ltr'>nusquam</span> <span class='ocrx_word' id='word_1_157' title='bbox 1212 2025 1325 2084; x_wconf 88' lang='lat' dir='ltr'>Auctor</span> 
     </span>
     <span class='ocr_line' id='line_1_19' title="bbox 229 2119 1324 2201; baseline -0.002 -21"><span class='ocrx_word' id='word_1_158' title='bbox 229 2121 369 2200; x_wconf 91' lang='lat' dir='ltr'>loquitur,</span> <span class='ocrx_word' id='word_1_159' title='bbox 384 2121 438 2182; x_wconf 90' lang='lat' dir='ltr'>sed</span> <span class='ocrx_word' id='word_1_160' title='bbox 452 2121 628 2182; x_wconf 72' lang='lat' dir='ltr'>introducta</span> <span class='ocrx_word' id='word_1_161' title='bbox 650 2140 806 2201; x_wconf 74' lang='lat' dir='ltr'>persons:</span> <span class='ocrx_word' id='word_1_162' title='bbox 838 2141 924 2201; x_wconf 86' lang='lat' dir='ltr'>quem</span> <span class='ocrx_word' id='word_1_163' title='bbox 939 2141 1048 2181; x_wconf 87' lang='lat' dir='ltr'>morem</span> <span class='ocrx_word' id='word_1_164' title='bbox 1062 2121 1110 2180; x_wconf 91' lang='lat' dir='ltr'>hic</span> <span class='ocrx_word' id='word_1_165' title='bbox 1125 2119 1163 2180; x_wconf 88' lang='lat' dir='ltr'>ad</span> <span class='ocrx_word' id='word_1_166' title='bbox 1178 2119 1324 2198; x_wconf 82' lang='lat' dir='ltr'>Prologus</span> 
     </span>
     <span class='ocr_line' id='line_1_20' title="bbox 229 2215 1323 2297; baseline -0.002 -21"><span class='ocrx_word' id='word_1_167' title='bbox 229 2215 387 2276; x_wconf 80' lang='lat' dir='ltr'>transferre</span> <span class='ocrx_word' id='word_1_168' title='bbox 410 2218 529 2287; x_wconf 76' lang='lat' dir='ltr'>nititurr</span> <span class='ocrx_word' id='word_1_169' title='bbox 556 2217 662 2297; x_wconf 90' lang='lat' dir='ltr'>quibus</span> <span class='ocrx_word' id='word_1_170' title='bbox 686 2218 850 2279; x_wconf 88' lang='lat' dir='ltr'>scribendis</span> <span class='ocrx_word' id='word_1_171' title='bbox 873 2217 1044 2278; x_wconf 73' lang='lat' dir='ltr'>aemulorum</span> <span class='ocrx_word' id='word_1_172' title='bbox 1069 2216 1179 2276; x_wconf 86' lang='lat' dir='ltr'>invidia</span> <span class='ocrx_word' id='word_1_173' title='bbox 1201 2233 1323 2275; x_wconf 85' lang='lat' dir='ltr'>causam</span> 
     </span>
     <span class='ocr_line' id='line_1_21' title="bbox 230 2310 1324 2394; baseline 0.001 -25"><span class='ocrx_word' id='word_1_174' title='bbox 230 2310 323 2370; x_wconf 89' lang='lat' dir='ltr'>dedit.</span> <span class='ocrx_word' id='word_1_175' title='bbox 367 2312 617 2392; x_wconf 84' lang='lat' dir='ltr'>Respondendum</span> <span class='ocrx_word' id='word_1_176' title='bbox 632 2315 709 2375; x_wconf 91' lang='lat' dir='ltr'>enim</span> <span class='ocrx_word' id='word_1_177' title='bbox 723 2325 796 2387; x_wconf 86' lang='lat' dir='ltr'>erat,</span> <span class='ocrx_word' id='word_1_178' title='bbox 810 2335 848 2374; x_wconf 90' lang='lat' dir='ltr'>ne</span> <span class='ocrx_word' id='word_1_179' title='bbox 861 2314 935 2375; x_wconf 85' lang='lat' dir='ltr'>l&#39;orte</span> <span class='ocrx_word' id='word_1_180' title='bbox 947 2314 1111 2394; x_wconf 82' lang='lat' dir='ltr'>procacitas</span> <span class='ocrx_word' id='word_1_181' title='bbox 1126 2311 1249 2391; x_wconf 84' lang='lat' dir='ltr'>gloriam</span> <span class='ocrx_word' id='word_1_182' title='bbox 1261 2329 1324 2370; x_wconf 89' lang='lat' dir='ltr'>me·</span> 
     </span>
     <span class='ocr_line' id='line_1_22' title="bbox 227 2407 1323 2488; baseline 0 -20"><span class='ocrx_word' id='word_1_183' title='bbox 227 2417 349 2480; x_wconf 76' lang='lat' dir='ltr'>teretur,</span> <span class='ocrx_word' id='word_1_184' title='bbox 369 2409 575 2488; x_wconf 81' lang='lat' dir='ltr'>infamiamque</span> <span class='ocrx_word' id='word_1_185' title='bbox 597 2409 752 2470; x_wconf 89' lang='lat' dir='ltr'>modestia.</span> <span class='ocrx_word' id='word_1_186' title='bbox 795 2410 909 2470; x_wconf 86' lang='lat' dir='ltr'>Horum</span> <span class='ocrx_word' id='word_1_187' title='bbox 930 2428 997 2470; x_wconf 86' lang='lat' dir='ltr'>rero</span> <span class='ocrx_word' id='word_1_188' title='bbox 1012 2407 1136 2470; x_wconf 87' lang='lat' dir='ltr'>stimulis</span> <span class='ocrx_word' id='word_1_189' title='bbox 1155 2427 1190 2468; x_wconf 87' lang='lat' dir='ltr'>ac</span> <span class='ocrx_word' id='word_1_190' title='bbox 1201 2407 1323 2468; x_wconf 86' lang='lat' dir='ltr'>vocibus</span> 
     </span>
     <span class='ocr_line' id='line_1_23' title="bbox 229 2503 1324 2586; baseline 0 -22"><span class='ocrx_word' id='word_1_191' title='bbox 229 2504 359 2582; x_wconf 81' lang='lat' dir='ltr'>agitatus</span> <span class='ocrx_word' id='word_1_192' title='bbox 370 2504 461 2566; x_wconf 76' lang='lat' dir='ltr'>t‘ertur</span> <span class='ocrx_word' id='word_1_193' title='bbox 474 2505 607 2565; x_wconf 85' lang='lat' dir='ltr'>Athenas</span> <span class='ocrx_word' id='word_1_194' title='bbox 618 2505 749 2586; x_wconf 89' lang='lat' dir='ltr'>petiisse,</span> <span class='ocrx_word' id='word_1_195' title='bbox 763 2515 796 2566; x_wconf 87' lang='lat' dir='ltr'>ut</span> <span class='ocrx_word' id='word_1_196' title='bbox 811 2505 983 2567; x_wconf 81' lang='lat' dir='ltr'>Groecorum</span> <span class='ocrx_word' id='word_1_197' title='bbox 998 2505 1116 2586; x_wconf 88' lang='lat' dir='ltr'>penitus</span> <span class='ocrx_word' id='word_1_198' title='bbox 1128 2503 1246 2583; x_wconf 85' lang='lat' dir='ltr'>ingenia</span> <span class='ocrx_word' id='word_1_199' title='bbox 1259 2522 1324 2564; x_wconf 88' lang='lat' dir='ltr'>mo-</span> 
     </span>
     <span class='ocr_line' id='line_1_24' title="bbox 229 2597 1323 2679; baseline 0 -21"><span class='ocrx_word' id='word_1_200' title='bbox 229 2618 335 2677; x_wconf 82' lang='lat' dir='ltr'>resque</span> <span class='ocrx_word' id='word_1_201' title='bbox 352 2611 559 2678; x_wconf 84' lang='lat' dir='ltr'>pernosceret:</span> <span class='ocrx_word' id='word_1_202' title='bbox 582 2611 624 2672; x_wconf 89' lang='lat' dir='ltr'>et,</span> <span class='ocrx_word' id='word_1_203' title='bbox 634 2600 819 2672; x_wconf 87' lang='lat' dir='ltr'>cum,multis</span> <span class='ocrx_word' id='word_1_204' title='bbox 829 2601 858 2660; x_wconf 93' lang='lat' dir='ltr'>in</span> <span class='ocrx_word' id='word_1_205' title='bbox 870 2601 1004 2661; x_wconf 88' lang='lat' dir='ltr'>Latinam</span> <span class='ocrx_word' id='word_1_206' title='bbox 1017 2601 1147 2679; x_wconf 87' lang='lat' dir='ltr'>linguam</span> <span class='ocrx_word' id='word_1_207' title='bbox 1161 2597 1323 2670; x_wconf 79' lang='lat' dir='ltr'>translatis,</span> 
     </span>
     <span class='ocr_line' id='line_1_25' title="bbox 229 2693 1324 2776; baseline 0 -22"><span class='ocrx_word' id='word_1_208' title='bbox 229 2705 299 2776; x_wconf 88' lang='lat' dir='ltr'>post</span> <span class='ocrx_word' id='word_1_209' title='bbox 317 2694 438 2774; x_wconf 87' lang='lat' dir='ltr'>sliquod</span> <span class='ocrx_word' id='word_1_210' title='bbox 453 2705 570 2776; x_wconf 87' lang='lat' dir='ltr'>tempus</span> <span class='ocrx_word' id='word_1_211' title='bbox 583 2696 644 2755; x_wconf 85' lang='lat' dir='ltr'>voti</span> <span class='ocrx_word' id='word_1_212' title='bbox 658 2715 779 2774; x_wconf 88' lang='lat' dir='ltr'>compos</span> <span class='ocrx_word' id='word_1_213' title='bbox 794 2696 918 2756; x_wconf 83' lang='lat' dir='ltr'>Romam</span> <span class='ocrx_word' id='word_1_214' title='bbox 932 2705 1073 2756; x_wconf 82' lang='lat' dir='ltr'>remearet</span> <span class='ocrx_word' id='word_1_215' title='bbox 1085 2713 1153 2755; x_wconf 89' lang='lat' dir='ltr'>cum</span> <span class='ocrx_word' id='word_1_216' title='bbox 1167 2693 1324 2754; x_wconf 83' lang='lat' dir='ltr'>sarcinulis</span> 
     </span>
     <span class='ocr_line' id='line_1_26' title="bbox 230 2789 1324 2871; baseline 0 -21"><span class='ocrx_word' id='word_1_217' title='bbox 230 2799 260 2850; x_wconf 89' lang='lat' dir='ltr'>et</span> <span class='ocrx_word' id='word_1_218' title='bbox 275 2789 447 2863; x_wconf 85' lang='lat' dir='ltr'>Conroediis,</span> <span class='ocrx_word' id='word_1_219' title='bbox 460 2809 535 2871; x_wconf 88' lang='lat' dir='ltr'>quas</span> <span class='ocrx_word' id='word_1_220' title='bbox 553 2791 593 2851; x_wconf 90' lang='lat' dir='ltr'>ibi</span> <span class='ocrx_word' id='word_1_221' title='bbox 604 2791 776 2871; x_wconf 77' lang='lat' dir='ltr'>scripserat,</span> <span class='ocrx_word' id='word_1_222' title='bbox 789 2791 819 2850; x_wconf 91' lang='lat' dir='ltr'>in</span> <span class='ocrx_word' id='word_1_223' title='bbox 834 2790 931 2850; x_wconf 81' lang='lat' dir='ltr'>navim</span> <span class='ocrx_word' id='word_1_224' title='bbox 951 2791 1105 2871; x_wconf 87' lang='lat' dir='ltr'>impositis,</span> <span class='ocrx_word' id='word_1_225' title='bbox 1119 2789 1183 2870; x_wconf 90' lang='lat' dir='ltr'>ipse</span> <span class='ocrx_word' id='word_1_226' title='bbox 1195 2790 1324 2850; x_wconf 88' lang='lat' dir='ltr'>terrestri</span> 
     </span>
     <span class='ocr_line' id='line_1_27' title="bbox 226 2873 1322 2966; baseline -0.001 -22"><span class='ocrx_word' id='word_1_227' title='bbox 226 2873 330 2946; x_wconf 81' lang='lat' dir='ltr'>itinere</span> <span class='ocrx_word' id='word_1_228' title='bbox 345 2886 450 2946; x_wconf 86' lang='lat' dir='ltr'>Patras</span> <span class='ocrx_word' id='word_1_229' title='bbox 464 2886 646 2966; x_wconf 85' lang='lat' dir='ltr'>perrexisse:</span> <span class='ocrx_word' id='word_1_230' title='bbox 667 2886 748 2947; x_wconf 88' lang='lat' dir='ltr'>unde</span> <span class='ocrx_word' id='word_1_231' title='bbox 761 2885 841 2947; x_wconf 84' lang='lat' dir='ltr'>brevi</span> <span class='ocrx_word' id='word_1_232' title='bbox 856 2885 981 2946; x_wconf 91' lang='lat' dir='ltr'>transitu</span> <span class='ocrx_word' id='word_1_233' title='bbox 992 2887 1022 2946; x_wconf 89' lang='lat' dir='ltr'>in</span> <span class='ocrx_word' id='word_1_234' title='bbox 1036 2885 1149 2946; x_wconf 89' lang='lat' dir='ltr'>ltaliam</span> <span class='ocrx_word' id='word_1_235' title='bbox 1160 2886 1322 2963; x_wconf 71' lang='lat' dir='ltr'>navigaret.</span> 
     </span>
     <span class='ocr_line' id='line_1_28' title="bbox 229 2979 1323 3062; baseline 0.002 -24"><span class='ocrx_word' id='word_1_236' title='bbox 229 2979 287 3040; x_wconf 92' lang='lat' dir='ltr'>Ubi</span> <span class='ocrx_word' id='word_1_237' title='bbox 300 2992 479 3062; x_wconf 80' lang='lat' dir='ltr'>exspectatae</span> <span class='ocrx_word' id='word_1_238' title='bbox 493 2984 575 3042; x_wconf 80' lang='lat' dir='ltr'>navis</span> <span class='ocrx_word' id='word_1_239' title='bbox 590 2983 691 3043; x_wconf 85' lang='lat' dir='ltr'>audito</span> <span class='ocrx_word' id='word_1_240' title='bbox 705 2982 869 3062; x_wconf 81' lang='lat' dir='ltr'>naufragio,</span> <span class='ocrx_word' id='word_1_241' title='bbox 883 3001 950 3062; x_wconf 83' lang='lat' dir='ltr'>ques</span> <span class='ocrx_word' id='word_1_242' title='bbox 964 2983 1042 3044; x_wconf 84' lang='lat' dir='ltr'>circe</span> <span class='ocrx_word' id='word_1_243' title='bbox 1055 2982 1158 3042; x_wconf 87' lang='lat' dir='ltr'>Sinum</span> <span class='ocrx_word' id='word_1_244' title='bbox 1173 2979 1323 3060; x_wconf 80' lang='lat' dir='ltr'>Illyricum</span> 
     </span>
     <span class='ocr_line' id='line_1_29' title="bbox 227 3077 1323 3159; baseline 0.002 -23"><span class='ocrx_word' id='word_1_245' title='bbox 227 3077 395 3155; x_wconf 88' lang='lat' dir='ltr'>periclitata</span> <span class='ocrx_word' id='word_1_246' title='bbox 405 3088 479 3150; x_wconf 91' lang='lat' dir='ltr'>erat,</span> <span class='ocrx_word' id='word_1_247' title='bbox 493 3089 585 3138; x_wconf 71' lang='lat' dir='ltr'>tantos</span> <span class='ocrx_word' id='word_1_248' title='bbox 595 3078 720 3156; x_wconf 83' lang='lat' dir='ltr'>jacturae</span> <span class='ocrx_word' id='word_1_249' title='bbox 729 3077 830 3139; x_wconf 91' lang='lat' dir='ltr'>dolore</span> <span class='ocrx_word' id='word_1_250' title='bbox 839 3089 986 3158; x_wconf 90' lang='lat' dir='ltr'>permotus</span> <span class='ocrx_word' id='word_1_251' title='bbox 995 3078 1180 3159; x_wconf 86' lang='lat' dir='ltr'>Stimpbulirn</span> <span class='ocrx_word' id='word_1_252' title='bbox 1191 3077 1221 3136; x_wconf 87' lang='lat' dir='ltr'>in</span> <span class='ocrx_word' id='word_1_253' title='bbox 1231 3077 1323 3138; x_wconf 87' lang='lat' dir='ltr'>Arca·</span> 
     </span>
     <span class='ocr_line' id='line_1_30' title="bbox 228 3170 1321 3255; baseline 0.007 -25"><span class='ocrx_word' id='word_1_254' title='bbox 228 3170 308 3232; x_wconf 88' lang='lat' dir='ltr'>diam</span> <span class='ocrx_word' id='word_1_255' title='bbox 336 3172 522 3234; x_wconf 75' lang='lat' dir='ltr'>decessisset</span> <span class='ocrx_word' id='word_1_256' title='bbox 557 3173 655 3253; x_wconf 90' lang='lat' dir='ltr'>ibique</span> <span class='ocrx_word' id='word_1_257' title='bbox 681 3175 838 3236; x_wconf 79' lang='lat' dir='ltr'>defunctus</span> <span class='ocrx_word' id='word_1_258' title='bbox 862 3195 898 3238; x_wconf 89' lang='lat' dir='ltr'>ac</span> <span class='ocrx_word' id='word_1_259' title='bbox 921 3176 1054 3255; x_wconf 85' lang='lat' dir='ltr'>sepultus</span> <span class='ocrx_word' id='word_1_260' title='bbox 1077 3174 1195 3254; x_wconf 91' lang='lat' dir='ltr'>publice</span> <span class='ocrx_word' id='word_1_261' title='bbox 1217 3173 1321 3238; x_wconf 80' lang='lat' dir='ltr'>luisse·</span> 
     </span>
     <span class='ocr_line' id='line_1_31' title="bbox 229 3266 1323 3350; baseline 0.002 -24"><span class='ocrx_word' id='word_1_262' title='bbox 229 3266 358 3329; x_wconf 89' lang='lat' dir='ltr'>Periisse</span> <span class='ocrx_word' id='word_1_263' title='bbox 382 3288 448 3330; x_wconf 89' lang='lat' dir='ltr'>eum</span> <span class='ocrx_word' id='word_1_264' title='bbox 463 3269 491 3328; x_wconf 91' lang='lat' dir='ltr'>in</span> <span class='ocrx_word' id='word_1_265' title='bbox 508 3269 646 3344; x_wconf 83' lang='lat' dir='ltr'>Arcadia,</span> <span class='ocrx_word' id='word_1_266' title='bbox 668 3271 733 3350; x_wconf 92' lang='lat' dir='ltr'>ipso</span> <span class='ocrx_word' id='word_1_267' title='bbox 754 3271 858 3334; x_wconf 89' lang='lat' dir='ltr'>eodem</span> <span class='ocrx_word' id='word_1_268' title='bbox 881 3281 957 3332; x_wconf 79' lang='lat' dir='ltr'>teste</span> <span class='ocrx_word' id='word_1_269' title='bbox 979 3270 1116 3342; x_wconf 87' lang='lat' dir='ltr'>Eusebio,</span> <span class='ocrx_word' id='word_1_270' title='bbox 1138 3281 1239 3330; x_wconf 91' lang='lat' dir='ltr'>notum</span> <span class='ocrx_word' id='word_1_271' title='bbox 1264 3278 1323 3328; x_wconf 90' lang='lat' dir='ltr'>est·</span> 
     </span>
     <span class='ocr_line' id='line_1_32' title="bbox 230 3357 1320 3444; baseline 0 -18"><span class='ocrx_word' id='word_1_272' title='bbox 230 3367 270 3426; x_wconf 81' lang='lat' dir='ltr'>Et</span> <span class='ocrx_word' id='word_1_273' title='bbox 283 3363 413 3444; x_wconf 88' lang='lat' dir='ltr'>inprimis</span> <span class='ocrx_word' id='word_1_274' title='bbox 432 3357 551 3444; x_wconf 72' lang='lat' dir='ltr'>quidem</span> <span class='ocrx_word' id='word_1_275' title='bbox 573 3376 699 3444; x_wconf 86' lang='lat' dir='ltr'>quatuor</span> <span class='ocrx_word' id='word_1_276' title='bbox 713 3365 881 3440; x_wconf 84' lang='lat' dir='ltr'>Comoediis,</span> <span class='ocrx_word' id='word_1_277' title='bbox 902 3367 1015 3428; x_wconf 90' lang='lat' dir='ltr'>scilieet</span> <span class='ocrx_word' id='word_1_278' title='bbox 1028 3365 1150 3439; x_wconf 85' lang='lat' dir='ltr'>Andria,</span> <span class='ocrx_word' id='word_1_279' title='bbox 1165 3366 1320 3438; x_wconf 83' lang='lat' dir='ltr'>Eunucho,</span> 
     </span>
     <span class='ocr_line' id='line_1_33' title="bbox 229 3459 1321 3542; baseline 0 -20"><span class='ocrx_word' id='word_1_280' title='bbox 229 3460 572 3532; x_wconf 85' lang='lat' dir='ltr'>Heautontimorumeno,</span> <span class='ocrx_word' id='word_1_281' title='bbox 585 3459 740 3540; x_wconf 86' lang='lat' dir='ltr'>Adelphis,</span> <span class='ocrx_word' id='word_1_282' title='bbox 749 3462 945 3522; x_wconf 88' lang='lat' dir='ltr'>Menandrum</span> <span class='ocrx_word' id='word_1_283' title='bbox 960 3463 1146 3522; x_wconf 89' lang='lat' dir='ltr'>Comicorum</span> <span class='ocrx_word' id='word_1_284' title='bbox 1160 3462 1321 3542; x_wconf 83' lang='lat' dir='ltr'>principem</span> 
     </span>
     <span class='ocr_line' id='line_1_34' title="bbox 179 3556 1320 3638; baseline 0.005 -27"><span class='ocrx_word' id='word_1_285' title='bbox 179 3593 188 3611; x_wconf 95' lang='lat'>.</span> <span class='ocrx_word' id='word_1_286' title='bbox 230 3557 404 3616; x_wconf 78' lang='lat' dir='ltr'>Graecorum</span> <span class='ocrx_word' id='word_1_287' title='bbox 428 3556 559 3618; x_wconf 86' lang='lat' dir='ltr'>imitatus</span> <span class='ocrx_word' id='word_1_288' title='bbox 578 3557 724 3628; x_wconf 65' lang='lat' dir='ltr'>creditum</span> <span class='ocrx_word' id='word_1_289' title='bbox 756 3559 836 3638; x_wconf 92' lang='lat' dir='ltr'>quod</span> <span class='ocrx_word' id='word_1_290' title='bbox 858 3569 889 3620; x_wconf 89' lang='lat' dir='ltr'>et</span> <span class='ocrx_word' id='word_1_291' title='bbox 912 3559 1034 3619; x_wconf 76' lang='lat' dir='ltr'>rubricas</span> <span class='ocrx_word' id='word_1_292' title='bbox 1055 3557 1320 3618; x_wconf 83' lang='lat' dir='ltr'>vetustissimorum</span> 
     </span>
     <span class='ocr_line' id='line_1_35' title="bbox 229 3651 1320 3736; baseline -0.001 -24"><span class='ocrx_word' id='word_1_293' title='bbox 229 3651 365 3713; x_wconf 88' lang='lat' dir='ltr'>codicum</span> <span class='ocrx_word' id='word_1_294' title='bbox 378 3653 515 3714; x_wconf 88' lang='lat' dir='ltr'>innuunt.</span> <span class='ocrx_word' id='word_1_295' title='bbox 557 3653 635 3722; x_wconf 88' lang='lat' dir='ltr'>Quin</span> <span class='ocrx_word' id='word_1_296' title='bbox 649 3665 763 3734; x_wconf 85' lang='lat' dir='ltr'>partem</span> <span class='ocrx_word' id='word_1_297' title='bbox 782 3655 945 3736; x_wconf 77' lang='lat' dir='ltr'>scripturas,</span> <span class='ocrx_word' id='word_1_298' title='bbox 958 3656 1029 3734; x_wconf 87' lang='lat' dir='ltr'>quia</span> <span class='ocrx_word' id='word_1_299' title='bbox 1046 3653 1113 3734; x_wconf 89' lang='lat' dir='ltr'>plus</span> <span class='ocrx_word' id='word_1_300' title='bbox 1127 3651 1320 3725; x_wconf 80' lang='lat' dir='ltr'>confusionis,</span> 
     </span>
     <span class='ocr_line' id='line_1_36' title="bbox 230 3748 1320 3829; baseline 0 -20"><span class='ocrx_word' id='word_1_301' title='bbox 230 3769 319 3828; x_wconf 88' lang='lat' dir='ltr'>quam</span> <span class='ocrx_word' id='word_1_302' title='bbox 344 3748 419 3808; x_wconf 89' lang='lat' dir='ltr'>lucis</span> <span class='ocrx_word' id='word_1_303' title='bbox 444 3748 552 3809; x_wconf 89' lang='lat' dir='ltr'>habero</span> <span class='ocrx_word' id='word_1_304' title='bbox 574 3751 639 3810; x_wconf 87' lang='lat' dir='ltr'>visa</span> <span class='ocrx_word' id='word_1_305' title='bbox 662 3763 719 3824; x_wconf 88' lang='lat' dir='ltr'>est,</span> <span class='ocrx_word' id='word_1_306' title='bbox 741 3751 838 3812; x_wconf 85' lang='lat' dir='ltr'>sciens</span> <span class='ocrx_word' id='word_1_307' title='bbox 862 3752 957 3812; x_wconf 89' lang='lat' dir='ltr'>omisi.</span> <span class='ocrx_word' id='word_1_308' title='bbox 999 3751 1130 3810; x_wconf 88' lang='lat' dir='ltr'>lunuuut</span> <span class='ocrx_word' id='word_1_309' title='bbox 1156 3759 1187 3810; x_wconf 87' lang='lat' dir='ltr'>et</span> <span class='ocrx_word' id='word_1_310' title='bbox 1200 3749 1320 3829; x_wconf 83' lang='lat' dir='ltr'>Prologi</span> 
     </span>
     <span class='ocr_line' id='line_1_37' title="bbox 229 3844 1318 3927; baseline 0 -21"><span class='ocrx_word' id='word_1_311' title='bbox 229 3844 349 3924; x_wconf 89' lang='lat' dir='ltr'>quidam</span> <span class='ocrx_word' id='word_1_312' title='bbox 362 3845 392 3904; x_wconf 92' lang='lat' dir='ltr'>in</span> <span class='ocrx_word' id='word_1_313' title='bbox 407 3845 527 3924; x_wconf 89' lang='lat' dir='ltr'>reliquis</span> <span class='ocrx_word' id='word_1_314' title='bbox 541 3845 656 3908; x_wconf 90' lang='lat' dir='ltr'>duabus</span> <span class='ocrx_word' id='word_1_315' title='bbox 675 3847 889 3927; x_wconf 89' lang='lat' dir='ltr'>Apollodorum</span> <span class='ocrx_word' id='word_1_316' title='bbox 906 3847 1099 3908; x_wconf 89' lang='lat' dir='ltr'>Corinthium.</span> <span class='ocrx_word' id='word_1_317' title='bbox 1140 3845 1318 3906; x_wconf 88' lang='lat' dir='ltr'>Vendidisse</span> 
     </span>
     <span class='ocr_line' id='line_1_38' title="bbox 229 3941 1318 4024; baseline 0.002 -26"><span class='ocrx_word' id='word_1_318' title='bbox 229 3958 296 4000; x_wconf 88' lang='lat' dir='ltr'>eum</span> <span class='ocrx_word' id='word_1_319' title='bbox 310 3941 485 4002; x_wconf 89' lang='lat' dir='ltr'>Eunuchum</span> <span class='ocrx_word' id='word_1_320' title='bbox 505 3962 601 4016; x_wconf 89' lang='lat' dir='ltr'>suum,</span> <span class='ocrx_word' id='word_1_321' title='bbox 623 3943 700 4004; x_wconf 85' lang='lat' dir='ltr'>lama</span> <span class='ocrx_word' id='word_1_322' title='bbox 714 3955 769 4019; x_wconf 86' lang='lat' dir='ltr'>est,</span> <span class='ocrx_word' id='word_1_323' title='bbox 791 3945 892 4024; x_wconf 86' lang='lat' dir='ltr'>viginti</span> <span class='ocrx_word' id='word_1_324' title='bbox 905 3943 1033 4004; x_wconf 86' lang='lat' dir='ltr'>millibus</span> <span class='ocrx_word' id='word_1_325' title='bbox 1047 3961 1214 4002; x_wconf 90' lang='lat' dir='ltr'>nummum:</span> <span class='ocrx_word' id='word_1_326' title='bbox 1236 3941 1318 4019; x_wconf 93' lang='lat' dir='ltr'>quod</span> 
     </span>
     <span class='ocr_line' id='line_1_39' title="bbox 230 4035 1318 4120; baseline 0.005 -27"><span class='ocrx_word' id='word_1_327' title='bbox 230 4035 355 4113; x_wconf 86' lang='lat' dir='ltr'>pretium</span> <span class='ocrx_word' id='word_1_328' title='bbox 373 4048 441 4100; x_wconf 89' lang='lat' dir='ltr'>ante</span> <span class='ocrx_word' id='word_1_329' title='bbox 466 4057 533 4097; x_wconf 88' lang='lat' dir='ltr'>eum</span> <span class='ocrx_word' id='word_1_330' title='bbox 555 4039 654 4100; x_wconf 89' lang='lat' dir='ltr'>nullus</span> <span class='ocrx_word' id='word_1_331' title='bbox 676 4051 838 4120; x_wconf 85' lang='lat' dir='ltr'>acceperat.</span> <span class='ocrx_word' id='word_1_332' title='bbox 878 4040 927 4098; x_wconf 94' lang='lat' dir='ltr'>Ad</span> <span class='ocrx_word' id='word_1_333' title='bbox 954 4057 1110 4110; x_wconf 78' lang='lat' dir='ltr'>crimmum,</span> <span class='ocrx_word' id='word_1_334' title='bbox 1132 4056 1187 4097; x_wconf 87' lang='lat' dir='ltr'>suo</span> <span class='ocrx_word' id='word_1_335' title='bbox 1211 4056 1318 4116; x_wconf 86' lang='lat' dir='ltr'>genere</span> 
     </span>
     <span class='ocr_line' id='line_1_40' title="bbox 230 4130 1317 4217; baseline 0.002 -25"><span class='ocrx_word' id='word_1_336' title='bbox 230 4130 371 4214; x_wconf 79' lang='lat' dir='ltr'>poetandi</span> <span class='ocrx_word' id='word_1_337' title='bbox 384 4142 483 4196; x_wconf 84' lang='lat' dir='ltr'>tentus</span> <span class='ocrx_word' id='word_1_338' title='bbox 497 4134 539 4194; x_wconf 81' lang='lat' dir='ltr'>vir</span> <span class='ocrx_word' id='word_1_339' title='bbox 559 4133 625 4206; x_wconf 81' lang='lat' dir='ltr'>fuit,</span> <span class='ocrx_word' id='word_1_340' title='bbox 638 4145 672 4195; x_wconf 86' lang='lat' dir='ltr'>ut</span> <span class='ocrx_word' id='word_1_341' title='bbox 693 4135 892 4217; x_wconf 85' lang='lat' dir='ltr'>Hieronymus</span> <span class='ocrx_word' id='word_1_342' title='bbox 917 4135 992 4196; x_wconf 87' lang='lat' dir='ltr'>iuter</span> <span class='ocrx_word' id='word_1_343' title='bbox 1006 4144 1131 4216; x_wconf 88' lang='lat' dir='ltr'>quatuor</span> <span class='ocrx_word' id='word_1_344' title='bbox 1153 4135 1317 4214; x_wconf 76' lang='lat' dir='ltr'>poetarum,</span> 
     </span>
    </p>
   </div>
   <div class='ocr_carea' id='block_1_5' title="bbox 0 0 1510 4892">
    <p class='ocr_par' dir='ltr' id='par_1_5' title="bbox 0 0 1510 4892">
     <span class='ocr_line' id='line_1_41' title="bbox 0 0 1510 4892; baseline 0 2"><span class='ocrx_word' id='word_1_345' title='bbox 0 0 1510 4892; x_wconf 95' lang='lat' dir='ltr'> </span> 
     </span>
    </p>
   </div>
  </div>
 </body>
</html>
