2948 4890
244 325 309 398 122
705 331 872 386 surinus

324 481 387 542 Nec
402 481 431 540 in
446 477 556 558 bicipiti
570 479 732 540 somniasse
747 477 905 538 Parnasso.

244 579 291 637 Dc
305 577 404 636 metris
419 575 556 636 comicis:

322 674 519 733 Tetrametros
532 671 736 752 trimetrosquc
749 671 829 750 capit
843 668 996 730 Comoedia
1010 689 1123 732 versus.

323 769 534 829 Tetrametrum
547 769 657 847 primus
672 769 762 828 lertur
774 767 909 846 posuisse
925 767 1060 838 Boiscus,

324 865 459 924 Creticon
475 864 668 924 Archilochus
683 864 812 924 trimetro
826 861 1031 942 superaddidit
1042 863 1160 942 iugens,

323 959 571 1040 Amphibrschum
585 960 716 1020 trimetro
732 960 890 1038 llipponax
904 957 1044 1038 supponit
1057 958 1167 1018 iambo.

324 1055 460 1116 Fulserst
472 1054 530 1114 hac
544 1054 678 1127 Plautus,
691 1053 870 1134 pulcherque
886 1053 1038 1116 Terentius
1052 1063 1125 1114 arte.

243 1151 434 1211 Terentianus
449 1149 486 1210 de
500 1150 604 1210 iambis
619 1149 793 1210 Fabularum
808 1149 850 1208 sic
864 1147 944 1210 dicit.

323 1247 468 1326 Culpatur
482 1257 578 1306 autem
593 1265 695 1305 versus
706 1245 734 1304 in
749 1244 923 1323 tragoediis,

325 1343 363 1400 Et
376 1361 458 1401 rarus
472 1342 561 1400 intrat
574 1361 610 1400 ex
624 1340 728 1400 iambis
743 1339 889 1410 omnibus,

323 1439 364 1496 Ut
377 1437 427 1496 ille
440 1447 542 1497 contra
556 1436 605 1516 qui
618 1433 748 1495 secundo
763 1444 794 1493 ct
806 1433 915 1494 talibus

323 1533 503 1614 spondeos,
517 1543 569 1593 aut
582 1552 668 1611 quem
681 1549 846 1610 comparem
861 1529 1020 1609 receperitt

323 1627 383 1687 Sed
397 1627 447 1708 qui
461 1627 612 1706 pedestres
626 1626 742 1686 labulss
757 1642 845 1686 rocco
858 1637 1005 1703 premunt,

325 1723 366 1781 Ut
379 1743 445 1802 quoe
460 1722 619 1801 loquuntur
633 1732 731 1781 sumta
744 1720 782 1781 dc
796 1721 857 1781 uita
870 1731 967 1800 putes,

322 1817 436 1877 Vitiant
448 1819 573 1878 iambum
590 1818 731 1878 tractibus
745 1815 924 1896 spondaicis‚

325 1914 364 1972 Et
376 1915 404 1973 in
420 1913 561 1986 secundo,
574 1925 605 1974 et
617 1915 646 1974 iu
661 1914 765 1974 ceteris
780 1931 865 1992 seque
880 1913 965 1973 locis.

326 2008 487 2089 Fidcmquc
501 2010 577 2070 lictis
591 2009 660 2070 dum
675 2022 832 2089 procurant
845 2009 963 2080 lanulis,

324 2106 358 2163 ln
373 2117 466 2165 metra
479 2115 604 2184 peccant
617 2116 689 2178 arte,
704 2125 763 2164 non
778 2105 905 2175 inscitia,

324 2199 370 2259 Ne
385 2201 444 2260 siut
458 2221 566 2260 sonora
582 2203 671 2261 rerba
683 2200 919 2271 consuetudinis,

325 2293 510 2374 Paulumque
524 2313 624 2356 rursus
640 2315 658 2356 a
672 2294 776 2356 solutis
789 2293 937 2360 differant.

325 2387 416 2468 Mage
430 2391 487 2450 ista
501 2393 611 2452 nostri:
633 2409 701 2452 uam
712 2393 772 2452 lare
785 2391 899 2452 Graecis
910 2402 999 2450 tenax

326 2485 403 2544 Cura
419 2495 466 2545 est
478 2487 577 2558 iambi,
590 2487 636 2548 rel
654 2487 777 2547 novellis
791 2487 921 2559 comicis,

325 2579 382 2639 Vel
396 2581 446 2658 qui
461 2581 490 2639 in
504 2593 621 2643 vetusta
633 2583 797 2664 praecluent
810 2583 974 2643 Comoedia.

325 2675 532 2756 Aristophanis
547 2677 651 2756 ingens
665 2679 772 2738 emicat
786 2678 915 2750 solertia,

326 2770 384 2839 Qui
399 2791 478 2851 soepo
493 2773 834 2848 metrisrnultiformibur
849 2791 943 2832 nurus

326 2867 522 2928 Archilochon
537 2879 598 2928 arte
613 2881 660 2930 est
673 2872 829 2930 temulstus
843 2867 968 2929 musica.

288 3011 413 3070 Sisenna
427 3011 455 3069 in
471 3009 689 3072 Commentario
704 3013 819 3072 Poenuli
834 3013 979 3072 Plautinae
995 3007 1115 3068 Fabulae
1131 3007 1191 3067 sic:
1214 3005 1332 3068 Heloni-

248 3125 297 3164 um
312 3105 394 3163 Poeni
409 3105 511 3165 dicunt
525 3107 631 3180 Deurn,
652 3118 682 3168 et
702 3107 894 3188 producenda
914 3107 1028 3188 syllaba
1042 3103 1126 3164 metri
1140 3105 1234 3184 gratia
1246 3103 1335 3181 exigit

246 3201 370 3259 iambus.
487 3213 491 3218 ’

287 3295 416 3353 Scaurus
431 3295 459 3352 in
482 3298 690 3358 commentario
708 3297 806 3360 Plauti
825 3301 855 3360 iu
879 3297 1028 3358 Pseudulo
1043 3295 1133 3356 dicit:
1154 3291 1246 3352 Malai
1261 3291 1332 3352 διαί-

247 3415 322 3470 pscrr
334 3390 417 3448 metri
431 3409 530 3449 causa.
563 3391 691 3453 Scaurus
706 3393 735 3452 in
749 3393 852 3454 eadem
868 3391 981 3454 Fabula
992 3393 1054 3452 sic:
1077 3391 1164 3451 Nunc
1178 3387 1238 3451 latu
1247 3411 1256 3459 ;
1273 3391 1334 3468 jam

249 3486 346 3545 divisit
361 3486 389 3542 in
404 3483 479 3544 duas
493 3485 622 3565 syllabas
635 3489 718 3549 metri
732 3509 831 3550 carisa.

276 3582 405 3640 Sisenna
417 3581 446 3638 in
459 3579 595 3641 Rudente
609 3583 671 3643 sio:
695 3585 762 3643 Fuit
771 3595 890 3644 extenta
904 3583 996 3663 prima
1011 3579 1215 3661 syllabametri
1227 3599 1333 3639 causa:

247 3689 394 3758 etpostea
413 3677 476 3736 sio:
508 3677 658 3740 Habiliorc
683 3691 775 3740 metro
800 3701 872 3740 usus
898 3691 953 3752 est,
976 3689 1009 3738 ut
1033 3677 1108 3737 solet
1133 3675 1161 3734 in
1184 3673 1334 3734 mulierum

249 3774 390 3834 oratione.
432 3771 542 3834 Postea
556 3776 617 3835 sic:
640 3775 793 3836 Latronem
806 3775 940 3858 producit
957 3775 1039 3834 metri
1052 3791 1152 3834 causa.

290 3869 371 3928 ldeur
400 3869 526 3929 Sisenna
553 3871 582 3928 in
608 3871 819 3952 Amphytrione
848 3871 906 3931 sie:
943 3871 998 3929 llis
1026 3879 1153 3947 quatuor
1181 3865 1335 3942 generibus

247 3961 380 4042 quintum
393 3965 516 4037 accedit,
531 3965 568 4024 dc
582 3986 689 4044 genere
704 3987 837 4028 versuum
848 3967 897 4046 qui
912 3985 970 4025 non
985 3975 1055 4024 sunt
1065 3961 1243 4022 uniusmodi.

290 4057 371 4118 Idem
386 4061 511 4120 Sisenna
525 4061 555 4120 iu
570 4062 701 4142 Captivis
716 4064 775 4124 sic:
799 4063 856 4124 llic
870 4063 1004 4122 oruatuS
1020 4059 1132 4118 literam
1148 4057 1230 4118 metri
1246 4075 1336 4116 causa

247 4154 353 4216 arnirit.
