2948 4890
234 356 278 422 78
653 371 701 418 uu
724 368 916 418 runnrno.

236 533 271 576 ex
287 513 418 592 gestibus
433 512 615 584 describunt,
630 524 661 572 ut
683 513 711 570 id
727 511 808 592 quod
822 521 916 590 agunt
931 509 1029 570 ridere
1048 509 1175 568 videare.
1217 507 1329 588 Hujus·

236 610 316 670 modi
337 619 408 668 sunt
422 628 497 688 quos
514 609 577 668 Itali
594 609 727 688 buffones
741 611 830 686 vulgo
843 617 960 666 vocant.
1003 605 1170 664 Archimimi
1186 604 1331 683 principer
1377 645 1387 658 .

237 714 308 765 sunt
321 703 505 774 histrionum,
519 701 575 762 hoc
589 715 646 774 est,
671 703 745 762 inter
767 702 924 762 histriones
939 699 1121 760 solertissimi
1141 711 1171 758 et
1183 699 1331 758 esoellsn·

236 799 351 859 tissimi.
407 798 544 877 Ethologl
574 798 665 868 mimi,
697 807 749 856 aut
771 796 910 876 ethopoei,
938 815 1051 854 morum
1079 804 1149 854 sunt
1174 795 1331 864 effictores,

237 895 454 974 affectuumque
475 894 687 973 cujuscumque
716 913 852 973 personas
875 912 965 971 quarn
989 891 1144 962 sustinent,
1169 901 1220 950 aut
1242 909 1329 968 quam

236 1001 332 1071 agunt
346 1002 376 1051 et
386 991 516 1050 referunt
530 991 559 1048 in
580 1009 680 1060 scena,
695 988 774 1048 unde
789 988 947 1066 othopoeia,
961 1007 1074 1046 morum
1090 986 1251 1046 alienorum
1267 985 1331 1044 imi·

235 1087 330 1147 tatio:
352 1095 382 1146 et
395 1085 483 1146 ethici
498 1085 625 1164 pictores
644 1104 679 1144 ac
705 1083 837 1144 statuarii
863 1083 943 1153 dicti,
958 1083 1008 1161 qui
1032 1081 1101 1142 subs
1126 1081 1269 1159 imagines
1291 1082 1332 1139 ita

237 1183 413 1262 depinguut,
439 1189 491 1240 aut
512 1179 632 1252 coelant,
656 1193 691 1238 ut
704 1179 842 1238 sensibus
856 1178 1004 1256 expressis
1031 1177 1243 1257 propemodum
1271 1177 1330 1254 spi-

235 1289 311 1338 rent.
366 1275 527 1356 Thurnelici
556 1276 631 1334 inter
652 1275 786 1335 scenicos
808 1283 922 1333 actores
952 1285 1032 1344 sunt,
1062 1274 1119 1332 hoc
1146 1283 1203 1345 est,
1237 1273 1332 1332 citha·

236 1375 320 1446 roedi,
340 1373 512 1443 citharistas,
537 1371 658 1452 lyristes,
681 1369 825 1430 tibicines.
873 1369 1046 1441 Citharoedi,
1070 1371 1121 1448 qui
1145 1380 1176 1430 et
1197 1369 1331 1429 fidicines

236 1471 385 1541 dicuntur,
399 1468 519 1528 citharas
534 1467 719 1528 accinebant.
760 1466 929 1526 Citharisten
943 1466 1085 1525 citharam
1104 1477 1217 1524 tantum
1233 1466 1332 1545 pulsa-

235 1565 320 1637 bant,
335 1582 393 1622 non
410 1573 507 1622 autem
519 1561 705 1621 accinebant.
738 1560 915 1639 Hujusnrodi
930 1560 1076 1642 thymelici
1089 1581 1140 1640 per
1153 1561 1332 1622 orchestram

235 1662 419 1741 praestabant
433 1659 565 1718 actiones
580 1677 662 1718 suas.
692 1657 777 1717 Ludii
791 1659 852 1717 sive
868 1656 1003 1716 ludiones
1017 1661 1063 1736 (ut
1072 1658 1134 1737 jam
1149 1657 1260 1718 dictum
1275 1661 1334 1734 est)

236 1758 255 1816 ii
270 1765 354 1818 erant
366 1756 417 1835 qui
431 1753 611 1814 Comoediam
627 1751 799 1814 recitabant.
843 1754 876 1811 ln
899 1771 935 1813 ea
958 1754 1035 1812 eninr
1058 1752 1210 1813 recitanda
1229 1755 1333 1812 mirum

213 1847 217 1854 '
235 1853 291 1911 suit
305 1852 469 1912 artificium.
512 1849 589 1909 Nam
603 1849 720 1910 cantica
741 1851 978 1929 temperabantur
1002 1849 1108 1922 modis,
1127 1871 1186 1910 non
1202 1871 1220 1910 a
1234 1851 1333 1930 po'eta,

238 1947 292 2008 sed
306 1946 429 2027 aperito
443 1947 513 2006 artis
529 1945 650 2006 musicae
664 1946 749 2006 factis
763 1966 771 2004 r
793 1966 889 2025 neque
912 1947 988 2006 enim
1004 1948 1104 2006 omnia
1117 1945 1222 2006 iisdem
1237 1945 1333 2006 modis

237 2043 267 2103 in
282 2062 341 2102 uno
356 2043 472 2102 cantico
497 2043 671 2120 agebantur,
695 2042 749 2102 sed
773 2063 853 2123 soepe
876 2043 1015 2102 mutatis:
1037 2053 1070 2102 ut
1084 2042 1262 2122 significant,
1284 2043 1335 2120 qui

237 2151 296 2200 tres
311 2158 448 2200 numeros
463 2138 492 2198 in
508 2138 668 2200 Comoediis
683 2147 807 2220 ponunt,
830 2139 880 2218 qui
904 2150 962 2199 tres
977 2139 1131 2198 continent
1145 2137 1249 2198 modos
1263 2157 1335 2198 can-

237 2235 288 2296 tici
303 2233 391 2294 illius.
432 2235 489 2302 Qui
512 2232 679 2312 hujusmodi
702 2233 806 2294 modos
829 2234 988 2304 faciebant,
1009 2253 1116 2293 nomen
1140 2233 1169 2292 in
1191 2234 1335 2314 principio

239 2329 359 2390 Fabulae
375 2339 406 2390 et
430 2329 577 2410 scriptoris
591 2338 622 2388 et
641 2329 749 2389 actoris
770 2331 1019 2408 superponebant.
1063 2331 1241 2408 Hujusmodi
1256 2330 1336 2389 adeo

238 2426 369 2485 carmina
384 2425 421 2484 ad
436 2425 520 2484 tibias
535 2425 655 2496 fiebant,
669 2435 703 2484 ut
727 2426 773 2484 his
788 2425 897 2485 auditis
913 2426 997 2486 multi
1011 2447 1046 2486 ex
1064 2427 1174 2505 populo
1189 2439 1257 2486 ante
1272 2426 1335 2485 dis·

238 2531 350 2594 cerent,
365 2540 453 2599 quam
468 2520 609 2580 Fabulam
625 2521 718 2580 acturi
742 2523 850 2582 scenici
872 2531 983 2594 essent,
1008 2542 1097 2602 quarn
1115 2523 1234 2580 omnino
1249 2541 1335 2600 spac-

237 2618 380 2684 tatoribus
396 2615 466 2694 ipsis
481 2615 658 2675 antecedens
670 2617 1028 2697 tituluspronuntinretur.
1071 2618 1221 2698 Agebatur
1235 2627 1333 2676 autem

237 2693 327 2772 'l'ibiis
342 2710 472 2790 paribus,
487 2721 539 2770 aut
560 2711 720 2790 imparibus
732 2732 741 2780 ς
771 2725 801 2772 et
825 2714 950 2785 dextris,
972 2723 1023 2772 aut
1036 2713 1171 2773 sinistris.
1213 2714 1335 2774 Dextrae

239 2817 337 2866 autern
354 2806 431 2865 tibiae
447 2825 502 2866 sua
521 2806 665 2884 gravitate
686 2807 791 2867 seriam
815 2807 975 2868 Comoedioe
991 2809 1147 2868 dictionem
1162 2809 1335 2888 pronuntia·

237 2903 319 2960 bant.
360 2902 494 2962 Sinistra
518 2912 548 2962 et
562 2921 690 2962 serranaa
712 2904 853 2964 acuminis
876 2905 997 2964 lenitate
1015 2905 1115 2983 jocum
1131 2905 1159 2961 in
1181 2903 1336 2963 Comoedia

238 2995 445 3057 ostendebant.
489 2997 546 3056 Ubi
564 3007 663 3057 autem
687 2997 790 3058 dextra
814 3010 844 3059 et
868 3001 986 3060 sinistra
1011 3009 1078 3060 acta
1099 2999 1212 3059 Fabula
1230 2999 1336 3058 inseris

238 3093 373 3165 bebatur,
386 3092 493 3150 mistim
504 3093 563 3170 joci
579 3104 608 3153 et
622 3093 781 3172 gravitates
797 3096 1054 3156 denuntiabantur.
1084 3097 1166 3154 Mimi
1177 3104 1229 3156 aut
1240 3094 1335 3166 Ludii,

239 3187 309 3246 dum
325 3188 465 3266 agebant,
480 3189 671 3248 assumebant
684 3189 773 3269 capiti
788 3209 940 3270 personas,
955 3191 1011 3251 hoc
1022 3201 1078 3264 est,
1089 3192 1230 3251 confictas
1241 3191 1336 3250 raria-

239 3301 302 3342 rum
317 3301 510 3360 personarum
526 3283 631 3345 facies:
652 3286 698 3346 vel
722 3285 844 3346 reticulo
868 3286 962 3347 denso
976 3288 1067 3348 facies
1089 3287 1276 3360 obvelabant,
1294 3305 1336 3346 ne

239 3388 481 3455 agnoscerentur.
524 3380 568 3438 Ita
583 3382 670 3441 etiam
682 3381 807 3442 instituti
820 3391 905 3441 erant
919 3383 1086 3462 hujusmodi
1101 3383 1267 3453 histriones,
1284 3393 1337 3441 aut

239 3473 331 3544 mimi,
345 3484 378 3532 ut
392 3483 422 3532 et
435 3475 567 3554 corporis
582 3487 678 3537 motus
694 3477 834 3538 decentes
847 3478 997 3538 lacerent:
1020 3477 1149 3557 denique
1160 3477 1248 3536 etiarn
1262 3497 1337 3536 can·

239 3579 287 3628 tus
303 3587 337 3628 ac
352 3568 532 3647 prolationes
547 3573 710 3634 secundum
732 3573 837 3634 modos
857 3573 955 3634 edocti
981 3584 1074 3648 erant,
1097 3593 1164 3653 quea
1187 3573 1288 3632 mirum
1304 3574 1335 3631 in

238 3665 357 3726 modum
387 3666 527 3746 populum
556 3671 733 3732 afficiebant.
783 3671 823 3729 Hi
848 3671 934 3730 simul
960 3671 1056 3730 coacti
1080 3670 1110 3730 in
1139 3689 1258 3748 quoque
1285 3688 1338 3746 ge·

238 3783 318 3836 nere,
333 3773 384 3822 aut
398 3773 565 3833 cantantes,
580 3775 632 3824 aut
645 3766 789 3826 saltantes
804 3765 1029 3845 appellabantur
1048 3766 1184 3825 Chorus:
1205 3765 1291 3824 divisi
1305 3766 1335 3822 in

238 3859 314 3918 duas
335 3869 444 3937 partes,
468 3860 657 3921 Semiehoria.
709 3861 743 3920 In
770 3861 884 3920 actione
908 3871 1006 3921 autem
1034 3860 1207 3930 Gomoediae,
1234 3879 1337 3920 eorum

239 3952 329 4032 aliqui
345 3954 452 4032 primas
468 3967 579 4032 partes,
606 3955 655 4014 alii
678 3953 826 4015 secundas
849 3965 948 4016 tenere
971 3957 1153 4028 dicebantur,
1177 3976 1230 4035 pro
1248 3958 1338 4017 variis

239 4058 359 4106 actuum
388 4049 567 4110 rationibus:
598 4071 698 4112 eorum
725 4051 802 4110 enirn
827 4049 875 4110 alii
896 4051 1048 4132 prologum
1071 4053 1219 4125 dicebant,
1240 4051 1288 4112 alii
1306 4054 1338 4132 in

240 4145 369 4216 nuntios,
385 4145 595 4226 exploratores,
610 4147 762 4221 custodes,
777 4165 889 4220 servos,
903 4147 1020 4225 heroas,
1035 4148 1127 4222 Deos,
1142 4168 1240 4220 senas,
1255 4167 1338 4212 arna·
