3012 4892
557 359 740 410 nnnsunu
764 358 868 408 vinu.
1214 345 1258 414 89

164 501 281 583 quidem
294 497 378 573 vicit,
398 509 431 562 et
454 499 633 560 tributarism
656 497 735 572 lecit,
757 519 816 560 non
836 497 942 560 evertit
962 507 1061 560 umen
1075 499 1170 580 ipsam
1184 501 1259 562 Car·

164 599 333 678 thaginems
355 595 412 656 sed
423 615 516 676 nepos
528 597 594 672 ejus
607 595 776 675 adoptivus,
790 595 947 656 Africanus
960 595 1064 656 minor.
1106 595 1259 658 Hanniba·

164 695 221 756 lcsn
243 703 391 772 protem
411 691 490 751 bello
509 692 589 763 sicit,
611 691 793 769 fugavitque,
818 689 872 752 sed
895 708 1083 770 nequaquam
1103 689 1259 752 interfecit.

165 789 281 868 Nempe
303 787 355 868 qul
378 789 474 848 rioms
495 787 526 846 in
541 787 642 848 Asiam
656 787 796 868 profugit,
809 797 841 848 et
853 787 910 848 snb
925 785 1069 846 Antiocho
1083 805 1153 866 rego
1166 787 1259 868 Syrios

164 884 296 944 militans
310 882 435 944 consilio
454 893 543 962 utque
565 901 656 962 opsrs
679 903 734 944 sos
753 897 784 944 et
807 883 887 964 regis
908 883 1041 962 potentia
1061 901 1169 944 norom
1191 901 1259 946 oum

165 981 310 1040 Romaene
323 977 431 1038 bellom
445 977 544 1038 denuo
558 977 662 1057 gessit.
703 978 779 1046 Ques
791 977 914 1040 bistonio
926 977 1072 1050 omnibus,
1086 977 1180 1058 quiin
1194 977 1260 1038 tali·

164 1077 220 1135 bos
244 1073 397 1154 ingenium
420 1083 569 1144 exercent,
589 1071 759 1150 planissime
782 1084 855 1134 noto
877 1082 932 1134 est.
975 1071 1091 1134 Deinde
1114 1073 1260 1154 Scipionis

166 1169 374 1250 triumphantis
394 1188 510 1228 cnrrom
532 1186 592 1228 uon
616 1168 664 1228 bic
685 1169 840 1230 Terentius
861 1169 987 1250 pileatus
1009 1179 1184 1248 prosecutus
1201 1179 1258 1240 ost.

166 1266 220 1328 sed
233 1267 310 1326 slter
322 1265 411 1344 bujos
425 1264 562 1336 nominis,
577 1264 730 1326 Romnum
744 1265 837 1326 civis:
858 1277 899 1338 et,
912 1275 946 1326 nt
960 1264 1096 1326 Valerius
1111 1263 1260 1324 Marianus

166 1371 304 1436 testatur,
326 1361 464 1441 pretoria
484 1359 595 1422 familis
615 1370 709 1432 ortus,
733 1371 762 1421 et
784 1361 859 1422 inter
871 1379 984 1440 paucos
997 1359 1136 1420 senatorii
1150 1358 1261 1419 ordinis

167 1457 355 1538 splendidos.
397 1455 456 1523 Qui
469 1455 556 1516 etism
571 1466 639 1534 post
652 1455 682 1515 id
697 1465 825 1536 tempos,
838 1466 909 1516 tono
923 1455 1045 1527 scilicet,
1065 1475 1133 1516 cnm
1147 1455 1261 1535 Scipio·

168 1553 213 1613 nis
226 1554 318 1614 irater
330 1562 487 1613 aocnsstns
500 1563 547 1612 est
559 1553 674 1623 Romus,
688 1561 845 1632 praeturam
860 1552 963 1632 gessit.
1004 1551 1062 1612 llio
1075 1569 1146 1632 ergo
1159 1550 1261 1612 trionu-

168 1650 288 1728 pbantis
309 1667 426 1710 sumum
451 1647 597 1728 Scipionis
618 1659 792 1728 prosecutus
814 1659 870 1718 est,
898 1647 976 1727 pileo
1000 1647 1090 1728 ospiti
1113 1646 1261 1726 imposito,

169 1744 249 1824 qnod
275 1743 395 1805 donata·
417 1743 558 1805 libertatis
583 1744 700 1823 signum
721 1755 794 1806 erat.
845 1745 980 1813 Quatuor
1001 1741 1092 1803 millia
1115 1741 1261 1822 siqnidem

169 1839 369 1900 Romanorom
383 1839 499 1910 civium,
519 1839 570 1918 qui
590 1839 670 1901 bello
687 1839 799 1900 Punico
813 1840 892 1919 capti
906 1849 992 1900 erant
1004 1849 1035 1900 et
1048 1838 1077 1898 in
1093 1837 1263 1900 servitutem

170 1936 291 2007 redacti,
304 1935 398 1996 victor
412 1935 510 2016 Scipio
524 1935 661 1996 liberatos
674 1934 703 1994 in
718 1935 842 2014 patriam
858 1933 985 1995 reduxit.
1026 1933 1107 1994 Inter
1116 1951 1192 2013 qnos
1205 1933 1262 1995 luit
1299 1959 1306 1972 ·

172 2032 219 2092 bio
230 2033 395 2104 Terentius,
409 2031 517 2112 dequo
530 2030 603 2103 disi,
616 2041 647 2091 et
660 2043 721 2092 tam
735 2051 846 2094 mensor
859 2031 992 2094 beneficii
1006 2030 1132 2111 accepti,
1142 2040 1263 2110 tamque

171 2127 359 2208 singulariter
371 2139 441 2189 ante
454 2147 555 2188 omnes
570 2139 683 2206 gntus,
704 2137 738 2188 nt
759 2147 810 2208 per
830 2147 946 2190 omnem
966 2128 1057 2188 vitam
1078 2127 1263 2188 liberatorem

172 2243 257 2285 sunm
272 2224 440 2305 Scipionem
455 2223 533 2283 omni
557 2223 699 2302 obsequio
723 2241 759 2284 ao
781 2223 952 2303 patrociniis
965 2221 1264 2286 dabitavsnsrstione

172 2321 305 2382 mineum
348 2320 498 2401 Triumphi
512 2329 609 2380 antem
624 2319 672 2381 die
686 2331 834 2400 postcom
848 2319 975 2400 pileatus
988 2319 1120 2392 incenit,
1136 2318 1193 2379 boc
1207 2329 1264 2391 est,

173 2417 269 2478 liberti
281 2415 405 2476 habito:
425 2415 510 2496 quasi
533 2435 586 2496 per
609 2414 688 2476 illius
709 2415 762 2476 viri
783 2416 918 2478 sinntm
933 2433 966 2476 ss
979 2415 1106 2476 libertsti
1119 2413 1265 2475 redditum

174 2513 285 2592 populo
306 2511 442 2573 Romano
459 2511 538 2593 pileo
551 2521 679 2572 testante
693 2511 882 2573 denuntians.
924 2511 1000 2581 Qum
1012 2511 1111 2572 omnia
1123 2509 1202 2590 apud
1216 2510 1266 2570 Ti·

174 2618 237 2666 tum
252 2606 604 2679 Livium,celeberrimum
616 2605 796 2681 historicum,
807 2617 879 2669 notu
890 2617 970 2668 sunt.
999 2607 1060 2668 Sed
1071 2607 1168 2668 minos
1178 2605 1266 2667 miror

174 2702 372 2764 scholasticos
385 2702 443 2764 boc
460 2721 556 2764 errore
577 2703 727 2784 deceptos,
750 2724 817 2766 cum
838 2704 951 2765 Paulos
965 2703 1090 2766 Orosius
1102 2703 1160 2762 boc
1174 2701 1266 2778 scrip·

174 2801 263 2860 serit:
278 2799 386 2879 dequo
400 2797 558 2860 admodum
573 2799 702 2870 mirarer,
713 2800 770 2858 nisi
780 2799 860 2878 quod
871 2798 1019 2858 interdurn
1029 2815 1138 2876 magns
1148 2794 1266 2876 quidem

173 2897 294 2976 ingania
307 2907 338 2956 et
351 2895 380 2956 in
396 2893 496 2955 multis
509 2905 656 2974 oocnpsta
669 2905 700 2954 et
713 2895 788 2954 inter
800 2892 989 2954 difficultates
1007 2903 1106 2954 erecta
1124 2911 1266 2972 equorum

174 2993 268 3054 instar
281 3001 399 3072 propter
411 2993 560 3052 incautam
574 2993 760 3054 securitatem
775 2991 805 3050 io
820 2991 910 3070 plano
923 2989 1080 3070 sospitant.
1122 2985 1266 3048 identitas

174 3089 313 3161 nominis,
326 3089 357 3147 ni
370 3088 467 3160 fulloc,
481 3107 606 3150 errorem
625 3089 705 3162 lecit,
728 3087 808 3168 quod
831 3087 943 3148 scilicet
963 3097 1086 3166 uterque
1100 3083 1266 3146 Terentius.

175 3184 237 3246 Sed
249 3184 481 3264 circumspectos
494 3185 583 3246 bomo
600 3204 661 3246 noo
675 3183 759 3257 vidit,
783 3183 864 3264 qood
886 3203 919 3244 ss
940 3183 1033 3244 oculis
1054 3183 1217 3262 ingerebat,
1236 3179 1267 3239 io

174 3281 276 3361 primis
289 3280 486 3341 diversitatem
498 3282 717 3360 cognominum,
739 3299 807 3360 qnos
828 3278 866 3339 ad
886 3279 1092 3340 discretionem
1116 3277 1267 3338 nominum

175 3387 248 3438 sont
261 3378 390 3449 inventa,
403 3374 484 3456 quod
498 3377 611 3438 scilicet
620 3377 669 3438 ille
679 3377 834 3436 'l'erentins
845 3375 950 3449 Culeo,
961 3375 1010 3436 bic
1018 3375 1172 3436 Terentius
1186 3373 1268 3446 Alar,

176 3483 213 3533 nt
226 3473 305 3534 tituli
318 3473 407 3554 bujus
420 3473 516 3552 operis
529 3473 677 3540 indicant:
692 3471 742 3534 ille
752 3473 916 3546 Romanus,
929 3473 985 3533 iste
998 3470 1267 3552 Carthaginiensis:

176 3567 228 3629 ille
248 3571 418 3630 esenitnts
438 3570 469 3628 in
484 3569 656 3642 libertatem,
671 3571 727 3632 iste
742 3579 840 3631 summ
854 3580 958 3630 contra
973 3589 989 3630 e
1012 3567 1146 3629 libertate
1163 3568 1193 3627 in
1208 3585 1269 3626 ser·
1306 3587 1319 3616 ο

175 3665 300 3724 vitutem
323 3663 451 3732 doctum
482 3663 531 3728 ille
546 3675 674 3737 senator,
696 3665 862 3746 bicpoiitst
892 3665 940 3726 ille
960 3665 1023 3745 jam
1045 3665 1142 3725 senior
1155 3681 1201 3736 eo,
1221 3663 1268 3722 bio

176 3780 251 3840 poor
263 3779 300 3820 eo
313 3769 454 3840 tempore,
466 3779 527 3840 quo
541 3780 559 3820 o
572 3761 712 3822 Romame
733 3761 859 3824 ducibus
873 3773 978 3842 captos
992 3771 1055 3822 est:
1075 3761 1106 3818 in
1121 3777 1181 3838 qua
1200 3775 1270 3836 oap-

176 3855 291 3914 tiritsts
305 3857 345 3916 ob
358 3855 535 3935 elegantiam
548 3875 661 3916 morum
674 3857 714 3917 sd
727 3877 900 3938 magnorum
911 3859 990 3920 venit
1004 3855 1164 3922 amicitiast
1178 3865 1270 3933 ntqns

177 3955 222 4010 ait
234 3951 380 4012 Eusebius
395 3951 469 4013 libro
483 3952 521 4014 de
534 3953 737 4034 Temporibus,
751 3957 790 4015 ob
804 3955 954 4034 ingenium
963 3963 994 4014 et
1003 3955 1125 4014 lormam
1136 3951 1270 4012 libertate

178 4047 310 4110 donatus
334 4059 391 4108 est.
442 4049 522 4110 Inter
550 4061 594 4111 tot
613 4051 796 4112 diversitates
824 4051 925 4111 fallere
947 4067 1091 4109 noanon
1119 4047 1271 4109 debuisset

178 4143 331 4204 identitss.
373 4145 431 4206 llio
445 4164 516 4206 sune
538 4146 724 4208 ’intentiosa
746 4145 889 4227 principio
906 4145 1069 4226 juventutis
1093 4167 1154 4206 suas
1180 4143 1272 4205 lentur
