3012 4892
199 359 245 426 28
649 371 854 422 susurrio.

205 518 364 586 Biblioth.
385 516 461 581 lut.
483 533 523 579 ιι.
544 513 599 580 30.
623 514 805 599 Eugraphii
827 519 960 580 aetetem
987 513 1031 580 ad
1055 513 1145 581 Stec.
1171 529 1210 581 ιι.
1226 533 1299 580 ver·

203 639 287 704 gene
299 623 390 684 recte
403 618 526 696 retulit,
541 617 652 682 codex
665 616 796 682 demum
811 615 948 682 Saeculo
963 633 1019 682 ιιι.
1033 621 1192 681 exaratus
1205 617 1300 682 uide-

203 729 269 786 tur.
311 718 361 784 At
374 719 558 802 Eugraphii
573 723 709 784 aetatem
723 737 745 782 a
761 717 920 783 Fabricio
934 724 1023 783 reete
1038 717 1207 782 definitam
1223 729 1300 782 esse

204 823 311 888 edhuc
326 821 470 887 dubitari
482 825 603 905 potest.
650 819 805 905 Ooujecit
821 819 913 884 illum
927 837 971 884 ex
986 819 1200 904 sequentihus
1215 817 1301 884 Ger·

203 925 304 1016 herti,
326 923 497 1008 quondam
522 921 731 1000 scholastici,
753 919 887 986 tandem
902 922 965 985 sub
979 921 1113 985 nomine
1132 917 1301 1004 sylvestri

205 1025 250 1091 ad
265 1025 457 1108 dignitatem
471 1027 591 1090 snmrni
606 1023 835 1090 Romanorum
850 1023 1020 1107 pontilicis
1043 1021 1163 1100 erecti,
1187 1021 1301 1086 verbis

205 1143 285 1208 qum
313 1127 466 1208 leguntur
494 1127 528 1190 in
558 1125 701 1208 epistola
733 1123 983 1189 adAirardum
1010 1121 1299 1208 v111.(Biblioth.

206 1227 361 1293 Maxima
375 1227 515 1292 Patrem
528 1227 625 1291 Tem.
641 1242 738 1290 ιινιι.
761 1226 867 1308 Lugd.
893 1226 988 1289 1670.
1011 1245 1048 1308 p.
1067 1221 1162 1308 669.)
1184 1221 1301 1288 ‘Peti-

204 1329 353 1394 tionibus
366 1327 434 1393 tuis
449 1329 645 1408 annuimns3
666 1333 781 1393 nostra
802 1335 841 1391 ut
855 1325 1032 1410 exequaris
1047 1327 1189 1409 negotia,
1210 1326 1303 1391 velut

170 1482 174 1492 .
205 1431 355 1516 propria,
376 1449 559 1495 monemus.
603 1426 735 1494 Plinius
755 1429 964 1495 emendetur:
987 1427 1201 1512 Eugraphius
1215 1426 1302 1492 reci·

205 1534 336 1616 piutnr3
358 1533 416 1616 qui
432 1530 575 1597 Orbaois
597 1538 631 1598 et
645 1532 737 1616 apud
750 1537 902 1598 sunctum
918 1531 1080 1596 Basolum
1093 1529 1303 1614 perscribun-

205 1633 277 1698 tur!
321 1633 376 1696 Ex
399 1633 453 1698 his
476 1634 586 1699 verbis
609 1634 752 1712 elicitur,
777 1633 999 1716 Eugraphium
1018 1631 1182 1716 aequnlem
1197 1628 1304 1694 fuisse

203 1733 370 1811 'Gerherti,
391 1735 449 1818 qui
462 1733 551 1799 vixit
563 1735 625 1799 sub
640 1733 771 1800 Othone
786 1749 842 1798 ιιι.
857 1733 943 1818 lurp.
961 1739 1103 1798 exeunte
1118 1733 1246 1797 saeculo
1263 1747 1302 1796 ιι.

207 1843 243 1900 et
256 1853 345 1899 anno
359 1835 455 1900 1000.
473 1843 625 1900 mortuus
648 1841 710 1899 est.
755 1833 804 1898 At
826 1835 1031 1920 perobscura
1054 1837 1143 1912 sunt,
1169 1839 1215 1912 et,
1237 1828 1303 1897 nisi

207 1937 277 2002 alia
290 1943 445 2021 prostant
458 1944 655 2020 argumenta
665 1938 708 2003 ad
723 1937 947 2002 deliniendum
961 1944 1107 2022 tempus,
1123 1955 1192 2020 quo
1202 1935 1303 2013 vixit,

207 2038 283 2103 sola
296 2057 362 2102 non
377 2037 554 2104 sufficiunt
597 2037 788 2122 iunguntur
811 2037 939 2104 Plinius
961 2043 994 2101 et
1018 2035 1237 2121 Eugruphius,
1259 2042 1304 2114 et,

208 2159 286 2203 cum
299 2139 392 2204 illum
406 2139 507 2220 longe
521 2143 596 2203 ante
610 2139 807 2204 Gerberium
827 2139 954 2204 vixisse
977 2139 1062 2202 inter
1085 2155 1200 2201 omues
1223 2155 1304 2201 con·

207 2247 285 2318 stet,
296 2259 397 2323 quare
409 2239 589 2323 Eugraphii
600 2246 750 2323 tempora
762 2240 804 2304 ad
820 2245 950 2305 eutem
962 2237 1116 2304 Gerberti
1130 2238 1305 2305 limitanda

208 2341 401 2406 eunti-Pro
426 2339 606 2424 recipietur,
628 2339 718 2425 quod
741 2342 880 2406 relatum
903 2341 945 2406 ed
961 2341 1193 2407 antecedentia
1207 2339 1305 2425 plano

206 2441 420 2526 ἀπροσδιόνυσον
443 2449 505 2521 est,
526 2442 703 2526 legendum
725 2461 801 2506 esse
827 2442 964 2506 ridetur
991 2439 1186 2518 rescribetur,
1214 2441 1305 2526 qnod

208 2547 327 2609 auctor
341 2563 415 2628 pro,
430 2543 627 2624 describere,
641 2544 771 2629 posuit.
815 2543 905 2609 Nam
918 2543 960 2607 de
973 2543 1079 2622 libris,
1089 2562 1154 2608 non
1169 2543 1210 2608 de
1223 2543 1306 2607 viris

209 2661 397 2708 sermonem
413 2663 502 2721 esse,
525 2645 652 2709 mentio
667 2643 770 2708 Plinii
785 2643 970 2708 clarissime
983 2643 1137 2709 ostendit.
1182 2643 1305 2729 Neque

209 2743 277 2808 alio
294 2763 395 2810 sensu
416 2743 505 2809 idem
528 2745 730 2810 vocabulum
753 2745 971 2810 ‘rescribere'
993 2745 1139 2830 epistole
1166 2760 1248 2810 ιιιι.
1268 2765 1306 2830 p.

208 2843 285 2910 670.
307 2847 448 2911 sumsit:
469 2845 684 2912 ‘Historiam
702 2846 787 2912 Jnlii
811 2847 960 2913 Caesaris
982 2867 1004 2913 u
1028 2847 1175 2912 Domino
1189 2845 1306 2912 Aeone

209 2944 344 3013 Abbate
351 2947 562 3014 Terdoneusi
572 2949 868 3015 adrescribendum
880 2951 975 3016 nobis
986 2949 1157 3034 acquirite,
1170 2955 1207 3015 ut
1218 2965 1306 3031 quos

209 3067 317 3132 penes
339 3069 402 3113 uos
424 3049 587 3114 habemus
609 3050 776 3128 habeatis,
801 3059 836 3116 et
850 3051 941 3135 quod
955 3051 1138 3134 reperimus
1154 3050 1307 3132 speretis,

210 3152 234 3214 i.
248 3169 279 3213 e.
302 3154 379 3214 octo
394 3150 563 3215 volumina
577 3148 708 3216 Bo'etii'
750 3151 863 3216 Etiam
885 3157 1053 3234 postremo
1067 3150 1170 3214 verba
1184 3149 1308 3232 episto·

208 3249 253 3316 lm
268 3249 392 3334 prioris
404 3250 447 3315 de
462 3251 557 3316 libris
574 3259 685 3334 agunt.
728 3252 833 3318 Jubet
860 3251 949 3315 enim
972 3249 1158 3316 Gerbertus
1182 3249 1309 3314 catalo-

211 3371 289 3434 gnrn
302 3351 422 3416 confici
440 3350 522 3436 (hoc
537 3353 624 3416 enim
642 3354 707 3417 sibi
722 3355 792 3419 vult
813 3353 1000 3436 ‘perscribi
1008 3349 1035 3436 ¹)
1055 3351 1225 3428 librorum,
1250 3349 1313 3435 qui.

213 3452 357 3516 Orhacis
372 3455 405 3516 et
420 3452 508 3536 apud
524 3459 675 3516 sanctum
690 3453 849 3518 Basolum
868 3451 1018 3537 (uomina
1032 3452 1308 3524 monasteriorum

211 3552 268 3619 rel
283 3553 426 3617 aliorum
439 3551 593 3618 locorum
615 3573 690 3618 esse
713 3551 883 3637 ridentur)
907 3554 1123 3637 reperiuntur.
1168 3553 1205 3618 Si
1229 3553 1309 3637 quis

211 3654 382 3720 literarum
400 3654 517 3719 harum
538 3661 667 3720 amator
681 3663 716 3720 et
726 3657 836 3740 judex
851 3657 886 3720 in
901 3656 1073 3721 uolumina
1086 3654 1198 3739 priora
1212 3654 1308 3719 chro-
1442 3655 1458 3674 “

211 3757 279 3822 nici
297 3757 341 3822 ab
365 3755 515 3820 Heurico
538 3756 581 3821 de
605 3757 796 3822 Herrordia
820 3757 999 3840 conscripti
1018 3756 1188 3834 incideret,
1211 3757 1308 3840 cujus

214 3859 326 3942 operis
342 3857 530 3941 posteriora
544 3857 748 3924 Helmstadii
760 3860 903 3938 versavi,
914 3859 1055 3924 sortasse
1064 3856 1105 3922 de
1116 3857 1307 3942 Eugruphio

214 3959 368 4023 notitiam
382 3958 570 4022 ulteriorem
586 3961 756 4043 reperiret.
800 3960 898 4024 Solet
923 3959 1011 4025 enim
1033 3959 1309 4041 diligentissimus

215 4059 485 4142 chronographus
500 4067 657 4125 auctores
671 4059 759 4126 haud
774 4078 904 4144 paucos
917 4059 1184 4125 eflorentissima
1197 4059 1310 4124 litera-

212 4153 284 4228 rum
301 4159 524 4230 &maumam
550 4166 649 4228 aetate
670 4162 866 4230 nominatim
890 4159 1066 4240 adducere,
1088 4160 1167 4225 loca
1191 4174 1309 4224 excer-
