3012 4892
485 401 630 452 vinnon·
648 403 696 452 oa
719 403 911 458 commuta,
1205 396 1249 460 bt

227 545 369 606 stamen
385 545 535 625 egregiam
549 545 619 606 nihil
632 546 775 627 undique,
788 557 819 608 et
832 549 963 630 undique
974 561 1154 616 tenumsst.

270 641 361 714 Nem,
375 643 456 722 quod
471 643 595 714 miraris,
609 644 685 704 ridet
698 643 728 702 id
746 644 820 704 alter
833 663 918 724 opus.

151 767 328 830 Enrrunus
343 787 401 848 ego
414 767 545 828 libellum
560 767 598 828 de
621 769 727 848 triplici
749 769 967 832 Comoediamm
989 776 1132 851 sectione,
1155 777 1247 840 Trivi-

150 884 290 926 sanorum
305 863 408 937 decus,
423 863 553 935 Andrea,
566 863 630 936 tibi,
643 883 813 943 quanquam
827 877 1011 946 pretextato,
1024 889 1132 932 munus
1147 873 1246 936 dicare

150 961 279 1022 decrevi.
310 960 379 1020 Non
394 959 529 1039 equidem
543 957 736 1020 admiratione
748 963 893 1022 bonorum
906 965 1035 1043 corporis
1050 969 1247 1042 autfertum,

150 1075 208 1134 qua
222 1056 328 1116 merito
343 1055 474 1116 Venetiis
488 1055 561 1114 etin
576 1055 651 1115 adeo
665 1055 822 1116 excellenti
836 1057 946 1117 familia
958 1078 1178 1124 veneraremur:
1194 1065 1247 1125 sed

150 1152 292 1231 quoniam
306 1150 426 1228 ingenio
439 1159 469 1211 te
484 1151 626 1230 singulari
650 1150 870 1212 adolescentem
893 1153 993 1214 multis
1013 1155 1188 1236 jampridem
1203 1162 1247 1218 in-

150 1247 235 1307 diciis
248 1247 316 1326 ipse
330 1265 536 1325 cognoveram.
578 1247 694 1307 Etenim
709 1267 789 1321 vere,
814 1248 894 1327 quod
917 1248 953 1310 de
975 1269 1007 1310 se
1024 1251 1159 1330 jactabat
1173 1254 1247 1314 ller-

151 1363 306 1422 mogenes,
328 1353 447 1403 aetatem
468 1344 633 1417 virtutibus,
658 1343 738 1404 haud
763 1344 862 1404 indole
885 1349 1061 1424 praevenisti.
1104 1349 1250 1418 Quocirca

151 1439 260 1500 nemini
275 1439 410 1498 videatur
423 1438 562 1511 alienum,
577 1440 613 1508 si,
627 1439 707 1519 quod
723 1441 761 1499 ab
775 1439 895 1520 ingenio
912 1443 1115 1522 proficiscitur,
1129 1447 1249 1526 ingenio

150 1535 306 1616 prestanti
320 1533 542 1594 adolescentulo
556 1547 753 1614 nuncupatur.
796 1535 934 1596 Ceterum
958 1540 1080 1600 arbitror
1102 1561 1148 1601 me
1163 1545 1247 1614 meis,

151 1641 301 1712 quotquot
313 1639 473 1712 potuerunt
486 1631 609 1702 intendi,
623 1631 732 1692 viribus
742 1643 980 1706 consecuturum,
991 1654 1029 1694 ne
1040 1637 1164 1716 amplius
1176 1639 1248 1719 quid

151 1747 261 1788 novum
277 1738 330 1787 aut
345 1737 440 1798 vetus,
454 1724 563 1806 quidve
577 1725 716 1798 medium,
726 1737 757 1786 et
767 1746 820 1786 cur
832 1727 860 1784 iu
873 1728 1025 1788 Comoedis
1036 1729 1160 1804 dicatur,
1173 1735 1249 1794 ullus

152 1826 280 1904 ignoret.
323 1821 410 1891 Quod
425 1821 569 1882 hactenus
582 1821 628 1880 vel
643 1821 784 1880 omissum
799 1841 817 1882 a
831 1823 953 1894 Latinis,
976 1825 1022 1884 vel
1044 1825 1184 1887 abolitum
1200 1849 1249 1890 ve·

153 1930 274 1992 tustate,
301 1917 411 1978 saecula
434 1927 537 1976 nostra
557 1916 771 1977 desiderarunt.
813 1919 911 1978 Multa
923 1918 1042 1998 quidem
1056 1925 1172 2002 egregie
1187 1925 1249 1984 Do-

153 2025 252 2090 natus,
265 2015 361 2074 multa
375 2013 546 2085 Diomedes,
567 2025 598 2072 et
612 2013 687 2073 adeo
701 2015 787 2072 bonis
801 2015 938 2094 auspiciis
954 2016 1148 2094 protulerunt,
1166 2029 1200 2078 ut
1213 2039 1250 2080 ea

155 2110 341 2190 grammatici
355 2112 465 2190 passim
479 2111 508 2169 in
524 2129 579 2170 sua
592 2110 809 2169 transcribant:
832 2109 883 2169 scd
898 2119 996 2170 tamen
1010 2111 1068 2171 buc
1082 2112 1133 2172 illa
1145 2133 1249 2194 parum

154 2205 301 2278 videntur,
317 2206 405 2265 immo
419 2203 490 2263 nihil
505 2204 658 2284 pertinere.
701 2203 846 2272 Quaedam
860 2205 948 2284 igitur
962 2225 980 2265 a
995 2207 1109 2268 Graecis
1123 2211 1250 2271 auctori·

154 2303 209 2361 bus
224 2312 256 2360 et
270 2300 382 2360 Latinis
396 2297 626 2378 haudquaquam
642 2299 813 2358 nominatim
832 2311 1019 2379 pertractata,
1042 2323 1142 2362 rerum
1157 2307 1251 2366 obiter

155 2397 283 2456 disserta
293 2393 484 2473 collegimus:
498 2393 636 2473 qurcdam
650 2395 717 2474 ipsi,
727 2395 843 2456 collatis
856 2397 974 2456 interae
986 2395 1095 2470 multis,
1107 2398 1252 2460 elicienda

157 2511 192 2553 ac
204 2491 335 2551 breviter
345 2490 511 2551 curarimus
526 2491 707 2564 annotanda,
729 2512 797 2571 qum
820 2493 869 2552 tibi
892 2511 988 2571 pauca
1005 2511 1113 2572 parvus
1128 2514 1183 2574 ego
1198 2495 1251 2555 de·

157 2587 233 2659 vovi,
247 2585 372 2666 perinde
382 2597 471 2665 atque
483 2605 566 2645 auam
576 2585 755 2666 Virgilianus
770 2586 819 2647 ille
832 2587 1032 2647 Micondianae
1043 2587 1250 2652 Venationem.

159 2683 299 2744 Fateatur
311 2683 388 2742 euim
403 2692 558 2754 eteorum,
571 2701 639 2760 ques
653 2701 707 2742 nos
722 2681 841 2742 minime
854 2683 1057 2764 praeterierint,
1077 2685 1252 2746 subticuisse

158 2778 320 2859 complura.
363 2777 444 2838 Jam'
456 2775 554 2855 itaque
572 2787 703 2836 nostram
717 2777 861 2836 hactenus
875 2778 1036 2855 obligatam
1050 2775 1138 2836 fidem
1153 2779 1252 2838 absol·

159 2893 272 2936 manus.
316 2872 478 2933 Comoedias
500 2891 608 2932 nomen
633 2891 652 2931 a
674 2871 818 2932 Damone
837 2871 931 2931 Conso
945 2870 1080 2950 religiose
1093 2870 1252 2938 admodum

161 2972 334 3032 arbitramur
344 2988 410 3030 esse
421 2968 592 3042 deductura,
606 2969 745 3048 quoniam
756 2979 787 3030 et
796 2965 954 3030 comessari
967 2965 1131 3026 denomino
1143 2965 1252 3032 dictum

160 3064 359 3125 Philostratus
377 3063 513 3136 affirmat,
535 3065 621 3144 cujus
647 3063 760 3124 scilicet
783 3062 914 3123 numinis
925 3059 1098 3120 dexteritate
1112 3059 1253 3138 quoelibet

159 3158 326 3220 hominibus
339 3159 438 3218 fausta
450 3159 626 3219 comessatio
642 3158 769 3218 daretur.
812 3156 893 3226 Quid
914 3165 1013 3216 autem
1033 3155 1070 3214 sit
1084 3157 1252 3227 comessari,
1348 3197 1352 3212 .

161 3253 359 3316 Philostratus
372 3255 499 3333 imagine
513 3253 598 3314 Comi
613 3253 726 3314 facilius
741 3251 802 3324 tibi,
816 3269 904 3332 quam
923 3267 984 3330 ego
992 3249 1115 3329 possim,
1130 3247 1253 3310 demon-

162 3352 276 3424 strabit,
290 3350 341 3410 rbi
356 3349 441 3429 lingit
453 3368 520 3409 eum
534 3349 715 3409 fervescente
729 3365 809 3408 mero
824 3346 962 3426 supinum
976 3345 1143 3418 dormitare,
1162 3345 1253 3405 facie·

160 3469 219 3530 que
231 3467 297 3529 pree
310 3447 401 3506 nimio
413 3455 485 3526 potu
502 3445 692 3517 scintillante,
706 3443 853 3504 rhonchos
865 3444 903 3502 ab
917 3442 977 3502 imo
993 3449 1111 3520 pectore
1133 3449 1253 3501 stertere

161 3544 369 3605 deducentem.
411 3541 569 3621 Utriusque
582 3559 651 3599 vero
665 3558 756 3599 sexus
779 3537 923 3609 homiues,
945 3535 976 3594 id
999 3534 1078 3616 quod
1099 3535 1162 3614 ipse
1176 3535 1255 3596 desi-

160 3639 255 3712 derat,
286 3637 431 3718 gregatim
456 3637 586 3696 vestibus
614 3633 796 3713 permutatis,
822 3631 987 3713 plausaque
1012 3629 1167 3702 concinno,
1195 3649 1254 3708 quo

160 3733 293 3796 maxime
300 3741 428 3812 possunt
442 3731 530 3811 genio
543 3730 707 3809 indulgere.
735 3727 824 3799 erod
838 3729 934 3809 ipsum
948 3727 978 3785 in
992 3726 1049 3784 hac
1062 3727 1136 3784 urbe
1145 3727 1253 3803 sepius
1351 3787 1354 3794 ,

161 3829 273 3902 uidisti,
295 3847 364 3889 eum
376 3826 516 3888 mimam
529 3829 576 3903 (ut
589 3825 685 3902 sinat)
706 3823 879 3885 saltationes
899 3820 1040 3902 hybernis
1053 3819 1188 3878 noctibus
1203 3819 1257 3878 de·
1322 3817 1327 3824 ’

160 3923 435 4004 bacchatamque
445 3933 522 3983 teate
533 3921 657 3982 Polluce
670 3919 798 3999 κόρδακα
811 3915 952 4000 appellari
965 3922 1153 3974 consuerunt.
1185 3913 1256 3974 Noli

163 4021 252 4100 igitar
264 4039 318 4080 eos
331 4019 443 4092 audire,
465 4018 516 4098 qui
529 4017 688 4078 comessari
702 4017 814 4078 dictum
827 4021 934 4094 putant
947 4011 985 4070 ab
999 4029 1063 4080 esu,
1087 4007 1225 4086 quoniam
1240 4028 1255 4069 s

165 4115 290 4195 simplici
304 4114 471 4176 necessario
485 4113 668 4184 scriberetur,
690 4130 746 4172 nec
770 4127 856 4170 secus
876 4105 980 4168 emditi
994 4113 1123 4164 veterum
1138 4104 1256 4166 codices

165 4210 317 4274 haberant.
359 4209 437 4271 Nam
450 4209 589 4271 Graecum
610 4207 684 4270 illud
708 4209 837 4287 κωμᾶᾶυ,
859 4199 1106 4284 quemadmodum
1128 4219 1147 4260 a
1164 4201 1256 4260 literae
