3012 4892
586 435 793 483 rasrrrro.
1193 425 1235 489 21·

135 573 268 639 taudem
283 575 319 638 in
334 575 441 639 tribus
456 576 621 659 prioribus
636 575 825 642 commutis
840 597 1006 661 expressa
1019 599 1235 664 personarum

27 689 31 698 ·
135 677 298 752 omnium,
312 696 390 759 quau
406 675 673 753 introducuntur,
687 678 783 742 initio
797 699 893 744 novas
910 699 1021 748 sccnae
1035 703 1234 747 commemo·

135 779 243 856 rutio;
265 775 301 840 iu
317 777 424 868 tribus
439 777 526 841 euim
542 777 787 860 posterioribus
800 799 866 844 una
879 787 1004 845 tantum
1019 803 1176 865 pomona,
1194 805 1236 850 ca

136 879 283 954 scilicet,
297 897 373 961 quae
386 880 495 961 prima
507 879 664 962 loquitur,
688 881 889 946 nominatur.
935 883 973 946 ln
991 883 1118 950 Andria
1133 886 1234 950 inter-

136 978 216 1042 dum
229 981 341 1062 prima
354 997 468 1043 sccnoe
489 981 578 1045 linea
600 982 704 1046 minio
730 983 800 1048 sire
821 984 920 1048 rubro
943 985 1055 1049 colore
1077 985 1235 1051 distincta

138 1083 202 1144 cst.

179 1181 312 1246 Textus
324 1181 477 1246 inclusus
487 1189 540 1246 cst
553 1183 639 1246 binis
652 1181 752 1248 lincis
763 1184 807 1249 ab
823 1191 964 1268 utroque
979 1185 1081 1249 latere
1097 1201 1236 1270 perpen-

137 1281 355 1346 dicularibus.
398 1282 494 1347 Biuae
508 1261 606 1348 linc‘ee
622 1301 760 1368 superne
784 1285 893 1350 ductoe
917 1286 1013 1350 initio
1029 1295 1146 1350 tostus
1160 1289 1235 1351 toti-

135 1382 282 1466 duqns
311 1383 399 1449 iufra
422 1403 482 1468 per
510 1389 617 1450 totum
642 1387 844 1452 membranas
874 1387 1020 1470 spatium
1050 1387 1233 1453 decurrunt.

137 1484 265 1548 Gctcrm
281 1490 378 1552 extra
393 1487 544 1569 spatium
566 1493 680 1552 textus
703 1507 768 1552 non
781 1495 952 1571 vagantur.
996 1487 1120 1552 Omnes
1134 1489 1233 1554 linea·

137 1587 230 1669 stylo
245 1587 360 1653 ductae
376 1593 464 1666 snut,
475 1587 568 1654 nullo
584 1589 730 1654 adhibito
741 1591 866 1666 colore,
887 1589 1033 1673 stylique
1048 1591 1132 1654 satis
1144 1591 1236 1656 acuti

137 1689 316 1772 ipsamque
343 1691 567 1756 membranam
592 1693 771 1757 incidentis
791 1697 967 1775 supersunt
985 1692 1127 1772 vestigia
1149 1695 1234 1758 satis

137 1791 242 1856 clara.
288 1791 440 1875 Singula
465 1795 599 1878 paginae
621 1797 805 1860 consistunt
828 1810 957 1858 xxvrr.
980 1793 1090 1872 lineis,
1111 1795 1234 1880 quibus

138 1901 252 1957 textus
265 1893 426 1959 continuo
441 1896 513 1960 siro
525 1915 593 1962 uua
604 1895 688 1960 serie
700 1897 880 1980 inscriptus
896 1901 960 1960 est.
1003 1893 1234 1961 Atrameutnm

137 2013 201 2058 uon
215 1993 358 2077 nigrum,
370 1995 430 2060 scd
443 1995 568 2060 flavum
583 2003 619 2062 ct
628 1995 799 2080 pallidum.
844 1995 1036 2075 Cbaructer,
1046 2017 1114 2080 quo
1125 1997 1234 2064 codex

138 2104 300 2161 exaratus
322 2104 386 2174 ost,
405 2097 611 2163 minusculus
635 2106 765 2164 erectus
786 2098 904 2162 saecnli
927 2099 1047 2164 docimi
1062 2099 1114 2163 vel
1129 2099 1235 2164 nude·

137 2198 227 2276 cimi,
243 2206 467 2282 praterqoam
482 2200 573 2284 qnod
588 2201 753 2265 interdum
769 2219 835 2262 non
849 2199 957 2264 solnm
971 2199 1113 2282 singulm
1126 2199 1235 2266 literas

137 2301 286 2365 unciales
298 2309 386 2377 suut,
398 2301 460 2365 scd
475 2301 601 2385 passim
615 2319 720 2366 voces
732 2300 1015 2384 erinngraetineoe
1022 2299 1144 2365 iisdem
1155 2321 1236 2366 con·

137 2408 226 2466 stant
239 2401 350 2466 lituris
366 2403 564 2468 uncialibus.
608 2401 798 2467 Occurrunt
812 2403 864 2466 bae
875 2401 978 2468 litera
994 2401 1029 2466 iu
1045 2403 1235 2468 nominibus

137 2521 372 2586 personarum,
386 2523 463 2588 quas
478 2487 1068 2586 sermonibus‘prscfiguuturdcinde
1080 2503 1116 2568 in
1129 2501 1234 2587 epilo-

137 2625 179 2687 go
197 2603 243 2670 ud
264 2605 393 2670 calcem
409 2605 670 2681 comoediarum,
698 2605 832 2670 undam
854 2605 949 2669 initio
973 2605 1160 2688 argumenti
1180 2605 1235 2670 vel

139 2707 279 2792 protom.
322 2705 403 2772 'l'ria
428 2715 538 2774 autem
561 2707 739 2772 uncialium
759 2725 884 2789 genera
897 2705 1055 2789 distingui
1069 2713 1234 2790 possnut;

137 2809 284 2892 primum
299 2827 474 2873 commuue
494 2817 529 2873 et
550 2815 750 2873 consuetum
763 2813 833 2885 θείς
856 2806 1052 2882 secundnm,
1073 2805 1161 2890 quod
1181 2825 1235 2870 rc·

139 2911 308 2975 cautiores
323 2909 533 2995 diplomatici
547 2911 744 2994 scripturam
759 2907 940 2990 capitalem
951 2911 1084 2984 vocant,
1099 2907 1235 2991 conspi-

139 3013 224 3077 citur
232 3011 266 3075 in
279 3011 384 3076 lituris
399 3029 569 3076 scenarum
592 3009 798 3088 initialibus3
819 3007 906 3072 tertii
927 3007 1143 3091 paucissima¹
1159 3016 1237 3073 snut

137 3113 254 3190 lituum,
269 3111 358 3176 ulna
372 3100 567 3178 consuetum
577 3110 712 3176 modum
724 3109 878 3194 grandes,
897 3115 931 3174 ct
946 3109 1048 3176 variis
1063 3129 1236 3175 omumcn·

138 3217 181 3280 tis
194 3213 332 3291 cinctae,
346 3213 476 3278 scilicet
490 3211 634 3277 initiales
649 3213 766 3295 primas
782 3230 892 3275 scenas
912 3212 945 3276 iu
972 3229 1033 3275 sex
1048 3210 1235 3278 Comoediis

140 3323 174 3380 ct
186 3315 287 3379 litera
299 3315 332 3379 Τ
346 3315 445 3379 initio
466 3316 567 3380 totius
588 3315 674 3380 libri.
718 3312 759 3378 Iu
781 3313 886 3378 literis
909 3313 1097 3378 uncialibus
1116 3311 1176 3378 VS
1200 3315 1235 3378 in

140 3437 237 3483 unam
252 3415 393 3498 figuram
408 3417 581 3494 coalescit,
606 3424 644 3482 ut
667 3415 691 3480 S
715 3433 817 3498 supra
842 3415 994 3479 dextrum
1015 3433 1115 3478 cornu
1130 3415 1235 3482 literae

139 3519 173 3583 V
187 3523 334 3604 positum
350 3519 407 3584 sit.

182 3621 440 3686 Abbreviatnrm
455 3619 526 3684 siva
547 3617 745 3702 compendia
758 3616 933 3694 scribendi,
944 3617 1022 3682 licet
1035 3635 1101 3682 non
1115 3615 1236 3696 desint,

140 3731 250 3789 tamen
265 3740 374 3805 neque
386 3727 516 3786 textum
532 3719 631 3784 valde
655 3726 805 3796 onerant,
823 3737 932 3800 noque
954 3719 1144 3802 sequiorem
1160 3737 1235 3801 pro·

141 3825 222 3890 dunt
236 3829 384 3889 astatum.
429 3821 466 3886 Si
486 3839 563 3888 cum
585 3821 698 3886 multis
712 3819 792 3898 illis,
807 3837 885 3904 quan
905 3819 946 3883 cl.
963 3817 1121 3882 Manucrt
1135 3815 1236 3902 (Mis-

142 3925 208 3991 cell.
222 3925 310 3989 meist
326 3921 543 4008 diplomatiscl
560 3919 679 3988 Inlults
694 3943 729 4006 p.
742 3921 816 4007 42.)
829 3921 888 3986 ucri
902 3919 1080 3984 incidenda
1099 3921 1237 3999 curavit,

143 4033 390 4112 comparantur,
418 4043 592 4110 perpauca
620 4043 696 4089 csso
725 4023 830 4088 dices.
873 4019 1022 4086 Alteram
1046 4038 1091 4084 cx
1113 4019 1236 4087 tubulis

143 4125 385 4193 Manucrtiauis
399 4125 664 4202 abbreviaturas,
687 4125 717 4190 si
739 4141 806 4188 uon
821 4141 947 4198 omncs,
962 4127 1070 4186 umen
1084 4139 1236 4206 magnum

143 4239 274 4315 partem
293 4247 420 4305 carum,
441 4245 527 4311 quas
547 4228 581 4294 in
597 4227 717 4294 codice
738 4223 881 4295 Helensi
896 4221 1117 4308 deprcbcudi;
1139 4242 1168 4287 c.
1190 4243 1236 4306 gr.
