2958 4892
261 373 325 440 170
565 391 781 442 noscamus
805 393 1055 445 causaturus

262 539 293 592 et
306 530 432 612 pugiles,
454 541 488 592 ut
512 533 610 594 Livius
624 545 777 608 memorat,
800 536 850 596 lib.
868 557 890 596 1.
906 539 957 616 qui
971 548 1001 598 et
1015 537 1162 599 Ludorum
1179 539 1355 620 plebeiorum

262 627 440 688 mentionem
453 629 524 690 lecit
536 630 586 690 lib.
603 651 734 691 xxvrrr.
764 631 846 692 Idem
861 633 971 706 Livius,
982 653 1042 713 quo
1056 645 1187 714 tempore
1200 647 1231 696 et
1246 655 1306 714 que
1321 635 1357 696 de

264 741 356 784 causa
377 725 501 786 instituti
523 736 554 786 et
572 727 646 788 Ludi
661 727 770 788 scenici
785 727 856 788 dicti
872 729 941 802 sint,
962 730 1082 808 copiosa
1096 729 1199 790 eadem
1214 751 1284 810 qnae
1299 731 1357 790 Va·

263 819 353 880 lerius
373 820 473 882 retulit
486 821 537 880 lib.
554 841 619 882 vu.
646 822 734 891 Quod
749 831 864 904 tempus
879 833 926 883 est
941 823 1028 884 Urbis
1044 825 1157 884 circiter
1172 827 1244 884 309.
1278 827 1358 886 ldem

263 926 361 976 tamen
376 915 427 976 lib.
445 935 570 976 xxxvi.
585 916 712 996 scripsit,
737 919 775 978 ob
801 917 1015 980 dedicationem
1029 919 1102 979 mdis
1117 920 1222 980 Matris
1238 921 1358 999 Magnae

263 1009 373 1090 primos
387 1011 475 1073 ludos
498 1013 631 1074 scenicos
656 1013 762 1086 lactor,
787 1013 937 1074 Valerium
953 1015 1102 1076 Antiatem
1117 1035 1184 1076 esse
1198 1027 1358 1088 auctorem,

265 1106 430 1186 Megalesia
450 1108 626 1188 appellatos,
646 1108 727 1186 quod
749 1119 866 1188 tempus
886 1110 1008 1170 distata
1021 1109 1115 1189 priore
1130 1112 1215 1170 annis
1229 1111 1358 1189 pluribus

267 1205 334 1264 165.
376 1203 481 1264 Cicero
495 1203 607 1263 Livium
624 1204 765 1264 Fabulam
780 1205 929 1278 docuisse,
950 1217 984 1265 ut
1003 1205 1166 1278 retulimus,
1190 1207 1311 1285 scripsit
1331 1208 1359 1266 in

266 1299 368 1370 Bruto,
383 1311 413 1360 et
426 1300 519 1380 prima
532 1300 622 1360 Ture.
636 1299 764 1360 Claudio
777 1311 808 1360 et
820 1301 967 1362 Tuditano
982 1302 1070 1363 Coss.
1090 1323 1169 1362 anuo
1184 1303 1220 1361 U.
1237 1305 1274 1362 C.
1291 1305 1359 1362 410.

267 1396 334 1456 Hoc
349 1395 462 1456 Gellius
475 1396 576 1456 retulit
588 1397 618 1455 in
631 1416 741 1458 aunum
756 1399 825 1456 510.
849 1397 977 1476 ideoque
991 1397 1071 1458 luere
1086 1399 1135 1476 qui
1150 1397 1230 1477 apud
1243 1399 1361 1458 cinero·

267 1511 332 1552 nem
347 1509 484 1552 numeros
497 1491 656 1552 mutandos
671 1503 835 1554 censerent.
871 1494 960 1563 Quod
977 1494 1062 1553 nobis
1075 1495 1137 1554 fieri
1151 1487 1288 1573 oportere
1303 1513 1360 1554 non

266 1585 392 1659 ridetur,
406 1607 472 1647 cum
487 1588 549 1667 ipse
564 1588 669 1648 Cicero
681 1588 802 1660 indicet,
817 1589 892 1649 alios
905 1589 971 1648 hoec
985 1589 1070 1649 aliter
1079 1591 1262 1668 exposuisse,
1275 1599 1307 1648 et
1316 1608 1360 1648 res

267 1683 327 1742 sint
340 1683 583 1762 inexplicabiliter
596 1687 739 1745 confusae.
782 1685 854 1758 Sed,
872 1696 1027 1765 postquam
1042 1705 1218 1766 componere
1233 1683 1361 1744 Fabulas

267 1790 492 1858 argumentosas
506 1783 603 1861 politae
619 1780 713 1840 Latini
727 1791 890 1862 eruperunt,
902 1793 1058 1860 sequentes
1073 1791 1104 1841 et
1116 1791 1265 1842 vertentes
1279 1781 1362 1840 Gne-

268 1895 368 1936 corum
383 1877 502 1956 scripta,
527 1880 557 1938 in
581 1877 639 1937 hoc
662 1899 769 1956 genere
793 1897 903 1957 magua
924 1878 1043 1938 licentia
1056 1879 1102 1938 usi
1115 1879 1243 1940 suenrut.
1288 1881 1362 1940 Cum

269 1981 367 2034 11111111
381 1983 482 2032 essent
499 1972 668 2033 Latinorum
692 1977 810 2054 propria
831 1974 969 2054 quaedam
991 1976 1139 2054 poemata,
1163 1985 1198 2034 ut
1211 1975 1363 2036 Atellano-

268 2085 343 2140 rum,
363 2067 499 2128 videntur
520 2068 684 2130 libertatem
705 2069 786 2130 illam
811 2070 841 2129 iu
863 2069 976 2130 Graecis
998 2080 1029 2130 et
1050 2070 1159 2130 Latinis
1182 2073 1362 2150 argumentis

269 2165 366 2242 politas
382 2163 486 2237 Latini,
506 2183 565 2224 non
580 2175 641 2224 tam
657 2165 730 2244 luga
743 2164 853 2224 laboris
876 2174 907 2225 et
927 2165 1087 2244 cupiditate
1109 2164 1217 2225 edendi
1243 2187 1310 2239 sua,
1332 2177 1364 2226 nt

271 2259 412 2318 Horatius
426 2270 521 2338 putat,
542 2280 631 2339 quam
652 2261 830 2321 necessitate
855 2262 983 2341 quadam
1009 2261 1196 2334 custodiisse,
1218 2283 1255 2322 ne
1280 2282 1362 2322 aures

270 2354 377 2414 civium
400 2356 608 2438 peregrinitate
631 2355 859 2416 offenderentur.
901 2357 948 2418 Ita
969 2355 1081 2417 factum
1104 2366 1187 2438 puto,
1210 2367 1245 2416 ut
1268 2377 1364 2438 nequa

270 2449 349 2509 iutra
358 2451 502 2510 trimetros
514 2451 708 2524 constiterint,
719 2471 815 2530 neque
824 2451 996 2512 Graecorum
1006 2451 1227 2531 exquisitionem
1238 2463 1269 2513 et
1280 2455 1364 2532 quasi

272 2563 414 2618 normam,
429 2545 467 2606 ad
482 2565 570 2624 quam
585 2566 723 2607 numeros
738 2547 779 2606 illi
793 2559 964 2626 exegerant,
979 2547 1010 2607 hi
1025 2547 1175 2609 servarint.
1210 2547 1271 2608 Sed
1287 2568 1364 2608 nunc

272 2640 412 2722 deinceps
437 2641 476 2702 de
497 2643 610 2704 ratione
631 2643 745 2718 horum,
770 2655 801 2704 et
823 2644 986 2704 cuminum
1008 2645 1183 2705 comicorum
1207 2654 1364 2716 structura,

272 2757 340 2817 qum
358 2747 461 2798 nostra
481 2737 635 2818 diligentia
648 2740 825 2814 observarit,
845 2759 972 2820 quaeque
987 2740 1138 2819 postulare
1151 2737 1266 2800 ridetur
1279 2740 1364 2802 lectio

274 2833 451 2894 Fabularnm
468 2835 647 2908 launacum,
665 2837 791 2898 breviter
804 2835 923 2916 quidem
938 2836 1133 2898 disseremus:
1154 2837 1195 2896 ita
1209 2847 1319 2908 tamen,
1333 2847 1366 2896 nt

272 2929 400 2990 sortasse
421 2930 553 2992 nondum
573 2933 611 2992 ab
629 2931 695 2992 aliis
713 2932 915 2994 demonstrata
936 2931 1110 2994 iudicemus.
1152 2932 1250 2991 blatra
1262 2933 1366 3010 praeci·

272 3043 333 3105 pua
346 3035 417 3086 sunt
430 3045 548 3094 noceant
563 3027 728 3098 iambicum,
740 3027 934 3101 trochaicum,
943 3027 1131 3110 dactylicum,
1143 3017 1365 3107 anapaesticum,

273 3120 512 3190 choriambicum,
526 3120 761 3200 antispasticum,
775 3123 903 3186 ionicum
914 3123 1062 3202 amajore,
1076 3123 1203 3184 ionicum
1215 3142 1233 3182 a
1243 3123 1365 3196 minora,

273 3213 449 3293 peonicum.
491 3215 655 3295 Equorum
670 3237 791 3279 numero
810 3239 889 3281 nunc
911 3219 1072 3280 eximamus
1093 3219 1249 3280 iambicum
1262 3229 1293 3279 et
1306 3229 1366 3278 tro·

273 3309 418 3384 chalcum,
443 3311 540 3391 deque
563 3312 599 3372 iis
612 3333 680 3392 quaa
693 3314 870 3376 ridebuntur
884 3315 1024 3376 dicemus.
1067 3314 1228 3376 lambicum
1243 3325 1366 3374 metrum

275 3407 435 3485 aprincipe
449 3408 526 3486 pede
539 3427 646 3468 nomen
659 3409 766 3472 babet:
787 3412 837 3491 qni
863 3431 882 3472 a
905 3411 1047 3471 conviciis
1070 3409 1234 3490 appellatus
1248 3409 1313 3482 tuit,
1334 3419 1368 3469 ut

274 3503 374 3582 placet
385 3502 551 3564 Aristoteli:
565 3523 692 3584 cumque
707 3505 745 3565 sit
758 3507 883 3566 maxime
893 3507 1071 3567 conveniens
1083 3504 1265 3568 sermonibus
1275 3509 1367 3584 (nam,

275 3597 395 3662 fortuito
410 3599 499 3660 etiam
510 3599 676 3680 loquentes,
691 3600 805 3665 iambos
816 3603 934 3662 crebros
948 3601 1144 3680 proferimus),

396 3741 485 3803 Hunc
499 3743 580 3804 socci
593 3761 697 3822 cepere
710 3743 827 3824 pedem,
843 3741 1028 3824 grandesque
1042 3743 1188 3816 cotbumi,

396 3839 524 3900 Alternis
539 3847 640 3920 aptum
654 3841 848 3912 sermonibus,
863 3849 894 3898 et
905 3839 1064 3919 populares

397 3935 571 3997 Vincentem
586 3936 735 4018 strepitus,
750 3945 781 3996 et
794 3947 895 4016 aptum
908 3935 995 3994 rebus
1010 3933 1144 4014 agendis,

277 4098 312 4149 ut
324 4089 367 4148 ait
380 4087 532 4151 Horatius.
574 4089 640 4152 Hoc
654 4109 782 4162 carmen,
799 4109 866 4150 cum
879 4109 986 4170 purum
998 4099 1046 4150 est
1059 4099 1090 4152 et
1103 4090 1260 4170 integrum,
1274 4089 1369 4150 omni·

277 4185 334 4245 bns
348 4183 379 4244 iu
392 4182 467 4246 locis
481 4185 593 4248 iambos
607 4185 714 4246 babet:
735 4194 770 4245 ut
782 4184 862 4265 apud
876 4185 1046 4249 Catullum:
