2948 4890
342 383 523 433 DthElrlS
547 381 693 432 1111111811
718 381 978 436 olsssrtss'rlo.
1164 379 1207 446 99

116 523 185 584 drise
199 543 234 584 sc
249 521 385 586 Chaereae
398 525 591 606 exposuisset,
605 535 710 588 contra
723 537 822 592 autem
835 529 878 590 illi
891 533 1095 612 persuasisset,
1106 549 1135 599 et
1144 539 1207 618 jam

117 621 223 698 gratias
236 622 357 701 ineptus
370 621 460 682 homo
471 641 505 682 sc
518 623 661 684 ridiculus
674 625 813 688 haberet:

356 747 438 808 Bene
451 748 563 808 iecisti:
584 751 707 828 gratiam
720 751 815 814 habeo
829 755 995 816 maximam.

195 841 356 950 Nunquam
381 844 469 902 etiam
492 844 533 906 t'ui
556 864 691 925 usquam,
711 847 782 928 quin
805 869 852 912 me
877 869 978 914 omnes
996 867 1128 916 curarent
1141 855 1206 934 plu-

273 957 392 999 rrmum.

113 1065 275 1145 respondet
287 1066 325 1126 ed
341 1076 498 1148 utrumque
511 1087 673 1130 conversus
686 1090 694 1128 :

193 1195 295 1255 Dixin'
309 1215 366 1277 ego
380 1198 410 1257 in
424 1198 481 1260 hoe
495 1201 592 1261 inesse
606 1200 690 1260 uobis
705 1201 833 1262 Atticam
847 1203 1048 1282 elegantiam?

113 1321 198 1383 Certe
222 1333 289 1384 tcta
311 1325 408 1386 Scene
431 1327 519 1386 tertia
542 1327 617 1388 tertii
633 1327 725 1387 Actus
750 1329 780 1387 in
794 1327 950 1410 Adelphis,
975 1334 1004 1391 in
1024 1351 1084 1412 qua
1097 1333 1206 1396 luditur

113 1438 129 1477 a
142 1419 217 1500 Syro
233 1421 357 1496 Demea,
372 1421 472 1482 divina
483 1431 539 1484 est.
581 1421 688 1491 Qualia
701 1423 778 1484 enim
790 1423 862 1484 illa?

352 1549 428 1612 Mihi
441 1551 559 1632 quidem
573 1571 633 1612 non
649 1551 779 1630 placent,

190 1649 232 1709 Et
244 1648 343 1710 clamo
355 1667 453 1729 sepe:
475 1646 662 1710 Salsamenta
674 1647 750 1720 haec,
764 1648 938 1729 Stephani0‚

190 1745 253 1806 Fac
266 1755 452 1806 macerentur
465 1743 597 1824 pulchre.

114 1876 204 1936 Plane
217 1875 298 1934 enirn
318 1883 427 1953 praeter
450 1871 685 1953 expectationem
707 1871 815 1932 omnia.
856 1872 924 1934 Jam
945 1893 1013 1936 curn
1039 1877 1130 1937 Vetus
1146 1877 1206 1938 Co-

112 1971 217 2032 moedia
230 1971 304 2030 nihil
318 1989 402 2049 mque
416 1988 452 2030 ac
465 1967 611 2052 sapphico
624 1979 789 2048 ametque
803 1967 975 2050 plerumque
987 1983 1017 2032 et
1028 1975 1134 2034 acerba
1148 1985 1205 2048 est,

113 2078 238 2129 etextra
259 2069 387 2129 Scenam
410 2067 561 2146 quaeritur,
585 2065 798 2128 urbanissimus
815 2065 945 2127 virorum
969 2069 1123 2143 rationem,
1145 2089 1206 2150 qua

113 2183 146 2223 ex
160 2165 278 2226 actione
303 2164 377 2245 ipsa,
398 2161 564 2244 parodiam,
593 2163 723 2244 lepidam
745 2180 817 2222 sane
842 2171 873 2223 et
896 2177 1059 2240 venustam,
1083 2175 1206 2248 peteret,

113 2261 230 2322 invenit.
273 2260 361 2335 Nam,
375 2279 442 2322 cuns
457 2261 572 2322 Demea
586 2260 718 2334 dixisset,

514 2373 562 2435 Fit
575 2373 690 2450 sedulo,

189 2473 270 2532 Nihil
284 2473 484 2553 prestennitto,
499 2471 707 2532 consuefacio:
729 2469 868 2552 denique,

189 2571 352 2650 Inspicere,
365 2579 507 2650 tanquam
521 2568 551 2626 in
567 2568 775 2647 speculum,‚in
785 2571 861 2630 ritas
876 2569 1005 2630 omnium

187 2667 304 2726 Jubeo:
325 2675 415 2744 atque
428 2685 465 2726 ex
479 2664 545 2725 aliis
559 2682 674 2730 sumere
688 2665 855 2746 exemplum
869 2664 936 2726 sibi.

189 2763 257 2822 Hoc
273 2761 374 2822 facito.

113 2885 140 2934 et
153 2895 220 2954 quae
234 2882 417 2954 sequuntur:
437 2870 598 2951 respondet
611 2871 722 2951 Syrus:

188 2986 347 3048 Conservis
359 2984 398 3044 ad
412 2983 540 3046 eundem
554 2983 651 3044 istunc
673 2982 813 3064 precipio
826 2980 965 3048 modums

186 3083 255 3142 lloc
269 3081 381 3142 salsum
402 3081 450 3153 ’st,
464 3080 522 3140 hcc
536 3079 677 3140 adustum
693 3079 741 3154 'st,
755 3079 812 3140 hoc
826 3079 937 3138 lautum
951 3079 989 3138 'st
1003 3097 1116 3158 parurn.

185 3177 266 3239 Illud
281 3189 380 3240 recte:
402 3179 519 3251 iterum,
533 3177 576 3237 sic
590 3187 749 3238 memento.
785 3174 897 3236 Sedulo

186 3275 309 3348 Moneo,
323 3293 391 3353 qum
405 3291 538 3353 possum,
551 3291 604 3354 pro
618 3291 686 3332 mea
699 3271 854 3352 sapientia.

186 3370 354 3445 Postremo,
364 3381 507 3450 tanquam
521 3371 551 3429 in
566 3369 727 3450 speculum,
741 3367 770 3428 in
786 3370 913 3448 patinas,
928 3368 1050 3440 Demea,

186 3467 337 3548 Inspicere
347 3467 440 3546 jubeo
452 3485 460 3524 t
482 3475 642 3536 otmense,
654 3463 726 3544 quid
740 3465 819 3526 laeto
833 3483 905 3525 usur
921 3464 969 3524 sit.

109 3595 153 3654 lte
173 3615 247 3657 sane
271 3605 302 3656 et
324 3593 423 3668 Plato,
444 3605 475 3655 et
498 3594 677 3674 Xenophon,
697 3611 860 3674 omnesque
888 3592 1032 3654 Socratici
1055 3589 1203 3671 jocantur.

109 3691 268 3772 Nunquam
282 3690 400 3772 frigide,
421 3711 573 3772 nunquam
586 3691 736 3764 obscoene,
757 3709 909 3770 nunquam
923 3690 1032 3768 inepte,
1051 3703 1204 3764 nunquam

107 3789 220 3867 putide.
263 3789 425 3850 Videamus
445 3789 509 3869 jam
534 3788 672 3850 Plautina
690 3785 839 3868 quedam.
881 3787 925 3847 Ac
949 3783 1125 3844 Plutarchus
1139 3779 1205 3859 qui·

108 3884 172 3946 dem
186 3885 264 3945 illud
285 3897 427 3966 tanquam
449 3883 589 3964 frigidum
602 3905 639 3945 crs
665 3883 870 3964 Aristophanis
895 3875 1204 3960 Thesmophoriazusir

108 3984 143 4043 de
158 3979 310 4060 Euripidis
324 3993 418 4042 matre
431 3979 571 4042 adducit:

173 4100 290 4174 Ἀγρια
304 4101 362 4173 γὰρ
374 4100 457 4174 ἡμᾶς,
471 4091 493 4154 dr
506 4103 646 4171 γυναῖκα,
661 4091 713 4169 δρᾷ
727 4095 806 4162 soris,

175 4195 247 4257 ‘Ar'
259 4198 292 4254 ds
306 4197 433 4274 ἀγρίοισι
445 4193 583 4274 λαχάνου
597 4191 677 4250 αὐτὸς
690 4191 810 4266 τραφείς.
