2948 4890
245 351 309 418 160
552 365 688 418 auarus
711 365 840 436 onaan
864 365 1050 418 ucaurcnn

245 524 302 588 que
316 505 431 568 videtur
444 525 505 568 non
520 507 629 568 minimi
639 507 745 588 judicii
758 507 901 588 quispiam
915 507 1061 586 neglectis
1073 508 1202 570 numeria
1216 506 1342 590 leporem

245 605 389 684 quaesisse
403 605 560 665 orationis:
583 603 711 664 aientia
738 602 843 662 eadem
866 602 1002 662 Fabula:
1025 601 1128 662 ‘Nihil
1151 613 1259 683 praeter
1279 625 1345 684 pro·

244 700 385 760 missum!
424 700 465 758 At
486 718 541 758 noa
563 699 754 777 legebamus:
778 697 869 756 Mlti
887 699 1131 776 praeteruriucuuu.
1172 699 1283 759 Verum
1297 701 1345 761 hic

244 795 361 873 argutia
372 795 461 854 etiarn
477 794 706 854 dimensionibus
721 811 806 852 auum
821 792 941 870 reliquit
957 792 1066 866 locum,
1080 794 1115 867 ai,
1130 793 1213 865 nibil,
1229 795 1269 854 ait
1282 815 1347 856 rno-

244 890 442 970 nocyllabum‚
462 889 542 968 quod
565 888 832 968 frequentiacimum
857 897 914 948 eut.
954 887 1027 947 Vult
1041 887 1149 962 dicere,
1175 890 1346 950 Phaedriam

244 982 317 1043 nihil
342 995 548 1064 praestaturum
570 1003 680 1054 eorum,
702 1003 770 1062 quan
794 982 879 1042 militi
904 982 1128 1062 pollicebantur,
1149 1003 1246 1064 neque
1261 987 1347 1064 quic·

243 1099 332 1160 quam
346 1079 428 1139 illum
442 1090 549 1158 prater
562 1067 737 1157 promissum
751 1077 899 1137 laturum:
921 1077 974 1136 red
1003 1077 1032 1136 in
1053 1077 1158 1138 eadem
1172 1077 1257 1160 lepor
1270 1099 1346 1160 quo·

243 1193 302 1254 que
325 1174 519 1234 nitidissimus
543 1182 599 1245 eat,
620 1173 655 1232 iia
677 1173 828 1232 versibus:
858 1171 971 1232 ‘lllum
995 1171 1087 1252 liquet
1110 1173 1181 1234 mibi
1209 1175 1346 1255 dejerare

242 1269 394 1330 mensibus
408 1270 478 1340 Sex,
497 1278 609 1346 neptem
624 1287 744 1346 protana
759 1285 818 1326 non
833 1265 943 1326 ridicae
958 1268 1118 1347 proximis!
1159 1269 1262 1330 Nostri
1277 1273 1345 1332 rul-

243 1373 311 1442 gate
325 1362 410 1422 nimia
425 1363 574 1442 legebant,
595 1361 651 1422 Sea
663 1362 708 1421 uel
720 1369 836 1440 ceptam.
877 1362 1014 1422 Ceterum
1029 1373 1060 1422 et
1074 1383 1092 1423 a
1105 1384 1227 1425 nurnero
1241 1367 1345 1427 exclu-

231 1458 323 1518 ditur
348 1459 528 1538 conjunctio,
553 1467 584 1517 et
608 1476 626 1516 a
647 1457 790 1516 aermonia
813 1457 960 1536 puritate:
982 1457 1079 1532 sicuti,
1102 1479 1170 1520 cum
1195 1460 1342 1522 dicimus:

243 1553 465 1634 Quinquaginta
477 1554 544 1634 plna
558 1554 655 1614 minua
670 1572 764 1614 annon
779 1563 867 1612 natue
882 1572 956 1612 cum.
985 1552 1063 1613 lllud
1078 1573 1196 1634 quoque
1211 1555 1341 1636 lepidiua

241 1651 358 1711 videtur
370 1651 400 1708 in
415 1651 768 1710 Heautontimorumeno:
790 1649 959 1708 ‘Confitere
975 1647 1030 1708 tui
1051 1669 1089 1709 au
1103 1653 1239 1725 obsecro,
1262 1653 1342 1714 ictuc

241 1746 365 1806 inimicia
381 1746 466 1806 alet?
489 1765 577 1825 quam
602 1744 682 1825 quod
708 1744 815 1824 legitur
838 1745 876 1804 ab
901 1745 1024 1804 Eraamo
1039 1756 1070 1805 et
1083 1745 1170 1806 aliia:
1196 1745 1341 1827 Confitere

242 1851 325 1904 tuum
338 1861 398 1902 non
411 1843 491 1901 erec?
513 1841 552 1900 clu
566 1841 681 1902 olcocro
694 1847 733 1913 te,
747 1842 825 1900 ictuc
838 1840 968 1902 tutatuta
980 1841 1045 1902 ciet.
1086 1841 1279 1920 splendidior
1293 1855 1342 1904 eat

240 1938 333 1998 oratio
346 1936 470 2015 repetita
484 1935 641 2014 negatione
655 1953 829 2006 benennon
841 1933 954 1994 verbis:
969 1943 1000 1994 et
1013 1954 1136 1997 necesse
1150 1947 1198 1996 eat
1211 1937 1254 1998 ita
1268 1937 1340 2018 legi,

240 2033 377 2111 quoniam
391 2031 595 2111 praecedentes
609 2049 709 2090 veruna
723 2030 771 2090 bic
785 2029 961 2090 concinnati
977 2049 1052 2108 quoa
1064 2050 1166 2092 versun
1176 2047 1236 2092 taur
1250 2033 1339 2093 Bem-

239 2126 306 2198 bua,
319 2145 407 2205 quam
422 2125 561 2198 Erasmus
576 2124 653 2184 male
667 2123 809 2204 disponit.
839 2124 968 2184 Bembua
983 2125 1042 2184 uic:
1058 2123 1218 2188 Subditum
1231 2149 1261 2188 ue
1274 2145 1346 2190 cua·-

234 2222 379 2301 piccturc
398 2221 571 2282 auidituurt
590 2218 651 2281 cia'
665 2228 699 2280 tu
711 2229 810 2282 certe:
830 2223 955 2294 uicerit,
970 2223 1010 2280 mi
1022 2223 1078 2282 uir.
1120 2223 1262 2284 Enasrnuc
1277 2225 1337 2286 cic:

203 2355 204 2358 =
240 2315 397 2377 Subditum
419 2335 449 2375 re
471 2317 659 2395 auspicatur:
679 2315 853 2376 subditum?
872 2315 934 2376 cin’
947 2317 1018 2376 tut
1036 2324 1123 2392 certe,
1144 2319 1274 2397 iuquam,
1297 2323 1339 2380 aaa·

230 2412 296 2470 uir.
337 2413 447 2472 Verum
469 2423 592 2490 uterque
614 2410 730 2490 longior
751 2422 810 2483 eat,
824 2401 1015 2472 Eraumianua
1033 2431 1094 2471 una
1107 2411 1241 2492 syllaba:
1263 2414 1338 2475 alter

238 2515 337 2566 autern
351 2506 439 2567 etiam
460 2506 612 2586 pluribus:
634 2524 724 2583 quare
746 2503 788 2564 ita
811 2504 928 2583 legendi
954 2515 1035 2578 aunt,
1056 2515 1090 2566 ut
1111 2508 1171 2566 aiot
1192 2509 1335 2570 trochaici

237 2601 381 2664 octonarii
395 2601 579 2662 catalectici:
602 2601 760 2662 Subditum
772 2621 801 2661 ce
814 2603 1003 2680 saepiuntur:
1017 2603 1167 2663 subditura
1178 2605 1193 2663 t
1206 2605 1268 2664 uiu’
1282 2609 1337 2666 tut

228 2705 314 2760 ‚ccrtc
328 2701 455 2778 inquam,
471 2698 523 2756 Mi
535 2699 600 2756 cir:
617 2696 758 2774 confitere
772 2697 828 2755 tut
842 2715 881 2755 au
894 2697 1021 2767 obaccro,
1036 2699 1113 2756 ictuc
1126 2697 1257 2758 inimicia
1270 2703 1337 2761 ciet.

238 2792 287 2853 Sic
301 2794 388 2854 etiarn
404 2812 440 2852 ex
453 2791 608 2870 Adelphis,
624 2792 681 2851 illia
696 2790 811 2852 duobus
827 2791 969 2863 versibus,
984 2802 1087 2852 neuter
1097 2801 1144 2854 eat
1155 2792 1333 2856 audiendnu.

237 2886 340 2948 Bembi
353 2888 448 2948 codex
462 2889 524 2948 cicc
545 2887 679 2960 Obsecro,
693 2909 753 2948 mec
767 2891 883 2960 nutrin,
905 2889 981 2966 quid
992 2908 1070 2949 nunc
1084 2887 1167 2968 fieti
1186 2891 1261 2968 quid
1271 2890 1335 2970 fiet

236 2986 348 3063 rogaui
363 2985 452 3046 Recte
464 2982 580 3061 aedepol
591 3003 695 3062 operor
708 2983 792 3044 nodo
806 2983 922 3044 dolores
934 3003 994 3044 areu
1009 2991 1043 3044 tu
1059 2985 1207 3062 occipiunt
1218 2988 1335 3064 priuau-

235 3077 305 3138 luat.
347 3081 488 3138 Erasmus
503 3077 564 3136 aio:
589 3079 721 3150 Obarene,
736 3097 796 3138 mec
812 3087 845 3138 tu
859 3082 975 3152 nutrio,
990 3079 1064 3160 quid
1076 3099 1156 3140 nunc
1164 3079 1249 3160 fleti
1261 3083 1337 3160 quid

226 3171 287 3252 fiet
301 3176 412 3253 rogaui
431 3181 518 3232 recte.
560 3173 640 3253 Ergo
657 3174 794 3234 Erasmus
809 3177 885 3236 male
899 3175 1028 3235 collocat
1042 3175 1222 3249 adverbium,
1235 3186 1333 3238 recte:

236 3267 365 3328 Bembna
389 3268 466 3328 male
491 3267 600 3328 omittit
624 3288 797 3348 pronomen,
821 3281 874 3330 tu:
903 3280 937 3330 nt
960 3271 1019 3332 sint
1042 3271 1159 3332 iambici
1183 3272 1331 3351 quadrati.

235 3361 310 3421 lloec
324 3361 442 3440 quidem
457 3363 612 3422 manifesta
633 3365 733 3437 lectio,
754 3375 786 3424 at
806 3364 859 3424 illa
882 3366 1029 3444 ambigua,
1053 3377 1120 3425 utre
1141 3367 1259 3446 probior
1273 3367 1333 3427 uiti

233 3459 268 3517 ln
285 3458 617 3522 Heautontimorumeno
638 3472 722 3522 vatus
746 3462 894 3542 exemplar
907 3463 950 3520 cic
964 3461 1073 3522 habet:
1097 3463 1251 3522 Hunccine
1264 3471 1330 3523 erut

233 3573 347 3634 equum
360 3577 394 3616 er
408 3556 589 3628 illitteratura,
604 3577 643 3617 on
657 3558 739 3618 illum
753 3577 789 3618 en
801 3560 889 3637 liujus
902 3560 1019 3619 nime?
1038 3567 1067 3618 et
1084 3558 1173 3627 Quod
1184 3557 1268 3618 illurn
1283 3563 1331 3618 in·

232 3650 351 3710 uimulut
365 3649 481 3726 durum,
494 3653 530 3714 id
541 3672 600 3712 non
614 3661 673 3712 eat:
687 3673 754 3713 nom
764 3660 922 3732 pareatum
936 3655 1060 3732 injuriae
1072 3653 1247 3714 Uniusmodi
1259 3662 1331 3714 cunt

223 3745 342 3822 serare:
357 3749 451 3827 paulo
474 3751 524 3828 qui
547 3757 589 3810 ert
611 3751 694 3810 lonc
719 3750 891 3810 tolerabilia.
933 3747 1068 3810 Scortari
1090 3749 1190 3809 metro
1212 3749 1331 3822 uoluat,

232 3843 337 3902 nolunt
358 3845 458 3904 creora
480 3846 670 3905 convinctior.
711 3845 839 3905 Bembna
864 3855 895 3904 et
917 3844 1030 3924 aliquot
1053 3843 1156 3904 eximit
1177 3845 1332 3917 verba,·et

232 3935 291 3994 alia
305 3938 378 3997 serie
392 3937 498 4016 digerit
510 3959 666 3999 nurneroa:
691 3940 847 4000 Hunccine
869 3947 935 4000 erat
954 3959 1067 4019 oequutn
1088 3959 1123 3999 ea
1143 3939 1227 3999 illiue
1240 3958 1329 4012 acore,

230 4047 271 4089 aa
284 4029 368 4090 illanc
381 4051 416 4092 ea
429 4032 517 4110 lruJ'ua
530 4033 646 4093 moeret
667 4034 710 4094 Et
725 4034 805 4114 quod
816 4032 899 4094 illum
913 4035 1063 4095 insimulat
1078 4035 1195 4108 durum
1220 4034 1256 4096 id
1268 4055 1330 4096 non

230 4131 284 4184 cat.
323 4126 397 4184 Noun
407 4134 564 4204 parentum
579 4129 701 4206 iujuriae
714 4129 882 4190 uniusmodi
897 4137 968 4190 aunt
974 4130 1079 4206 seme.
1116 4131 1253 4190 Scortari
1266 4151 1330 4190 crc-

218 4221 283 4287 ,bro
307 4219 417 4292 colunt,
441 4221 541 4284 colunt
567 4225 755 4284 conniumier.
807 4225 867 4284 Sed
894 4245 1029 4286 numeros
1054 4227 1160 4285 obterit
1186 4228 1329 4299 Bembua,
