2958 4892
444 401 492 448 DE
515 401 667 452 comcts
693 403 886 456 VERSIBUS.

278 538 423 600 Phuselus
437 539 486 600 ille
498 561 586 621 quem
600 543 704 604 videtis
719 546 850 628 hospites

277 635 328 693 Ait
341 635 431 696 luisse
446 639 563 698 navium
578 639 758 706 celerrimus.

120 753 157 811 Et
170 753 344 816 Horatium:

279 866 389 928 Beatus
402 854 452 930 ille
466 871 517 950 qui
531 873 632 952 procul
647 874 784 952 negotiis.

120 995 184 1064 Quo
197 1006 297 1058 eutem
309 999 427 1077 gravius
441 999 530 1080 paulo
542 1002 571 1062 in
586 1003 725 1064 tarditate
738 1002 910 1082 procederet
924 1005 1048 1081 iambus,

237 1109 404 1186 Spondoeos
417 1111 539 1172 stabiles
552 1113 581 1170 in
591 1112 660 1192 juro
670 1123 792 1193 peteme
806 1117 917 1195 recepit

238 1206 420 1268 Commodus
433 1218 463 1267 et
476 1209 602 1288 potiens,
623 1229 682 1270 uon
696 1221 731 1270 ut
743 1211 780 1271 de
794 1213 865 1274 sede
879 1214 1012 1275 secundo

240 1303 368 1364 Cederet
381 1315 433 1366 nut
446 1315 551 1384 quarto
563 1307 803 1368 socialiter.-·-

122 1429 179 1490 Sed
192 1449 290 1510 neque
302 1433 407 1511 tragici
419 1433 487 1506 hoc,
501 1435 530 1494 ln
545 1435 644 1514 primis
666 1435 773 1507 Latini,
794 1449 957 1512 servarunt,
982 1449 1012 1498 et
1028 1441 1132 1502 comici
1146 1462 1210 1504 om-

122 1525 205 1588 uibus
219 1527 249 1585 in
264 1527 339 1587 locis
353 1529 537 1592 cottocurunt
548 1531 640 1612 pedes
659 1531 722 1593 sine
747 1531 912 1594 discrimine
937 1536 1085 1616 quinque:
1106 1538 1211 1620 dacty-

121 1622 190 1694 lum,
205 1637 402 1704 anapaestum,
416 1628 593 1708 tribrachyn,
608 1629 794 1710 spondoeurn,
807 1631 945 1692 iambum.

239 1761 362 1842 Syllnbn
374 1763 465 1843 louge
477 1765 558 1826 brevi
572 1764 704 1844 subjectu
718 1776 838 1828 vocatur
854 1768 969 1828 iambus
981 1788 989 1828 ι

123 1899 211 1973 Deos,
226 1899 333 1973 cliens,
347 1900 448 1968 seron
469 1919 536 1980 quse
551 1901 575 1961 si
589 1902 684 1962 ombce
696 1903 800 1962 breves
815 1903 885 1978 sint,
900 1904 1090 1986 Pyrrhichius
1111 1903 1136 1964 is
1157 1925 1211 1986 pes

122 2005 261 2056 vocatur:
282 1996 360 2076 lege,
373 1995 454 2070 here,
468 2016 567 2076 grave.

122 2123 288 2202 Spondaens
301 2125 391 2186 hebet
403 2124 479 2185 dues
493 2125 619 2204 longas:
641 2125 737 2198 exlex,
750 2145 885 2198 concors,
899 2145 1011 2188 omens.

122 2219 295 2301 Tribrecbys
309 2221 403 2281 tribus
416 2223 552 2282 brevibus
566 2231 703 2282 constet:
729 2221 857 2296 domine,
871 2242 987 2296 canere,
1001 2223 1117 2283 misera.

122 2315 312 2397 Anepoestus,
326 2317 440 2379 duobus
454 2319 555 2399 primis
568 2319 716 2392 brevibus,
740 2329 888 2399 postremo
907 2319 1019 2400 louge:
1040 2318 1150 2392 silices,
1164 2335 1212 2380 rs·

199 2414 275 2487 bies,
290 2415 418 2493 patiens.

124 2509 279 2590 Dactylns‚
293 2511 386 2592 prime
398 2512 499 2594 longe,
513 2515 702 2595 sequentibus
717 2513 833 2576 duobus
847 2513 1002 2575 brevibus:
1022 2512 1117 2586 litere,
1141 2511 1214 2574 scri-

199 2609 282 2682 bere,
293 2610 417 2672 musico.

125 2736 156 2794 ln
171 2735 285 2796 Latinis
299 2737 419 2796 comicis
433 2737 488 2798 reri
503 2737 591 2797 iambi
606 2747 686 2810 sunt,
700 2739 789 2798 etiam
803 2739 832 2796 in
847 2737 994 2808 trimetris,
1016 2735 1067 2813 qui
1082 2743 1152 2794 sunt
1167 2755 1214 2797 se·

123 2831 203 2892 nerii.
246 2832 282 2891 lu
297 2833 412 2912 integro
425 2844 524 2892 umen
539 2833 674 2904 iambico,
698 2833 763 2891 vult
775 2852 842 2892 esse
856 2831 976 2891 ultimus
1000 2850 1053 2910 pes
1078 2830 1137 2904 hic,
1161 2841 1213 2891 eut

123 2937 240 3005 propter
253 2925 365 2986 ultimoe
380 2927 603 2987 indifferentium
618 2926 812 3007 pyrrhichius,
823 2928 908 3006 qussi
922 2925 1064 2986 deliniens
1076 2943 1213 2986 numeros

124 3041 158 3083 ec
173 3043 307 3096 ‚versum
348 3023 432 3083 Sicut
453 3024 482 3082 in
505 3022 663 3104 dactylico,
688 3023 809 3102 quintus
830 3020 977 3104 dactylus.
1019 3021 1133 3081 Horum
1146 3020 1214 3080 loco

123 3137 188 3178 cum
204 3118 365 3200 spondaeus
379 3119 507 3201 ponitur,
534 3119 553 3178 ii
573 3139 675 3180 versus
694 3129 756 3180 tum
772 3118 993 3186 σπονδαΐέοντει
1006 3129 1037 3180 et
1052 3101 1215 3184 σπονὸαϊκοὶ

124 3213 272 3290 dicuntur,
288 3226 341 3278 ut:

243 3347 455 3426 Armntumque
470 3365 541 3408 euro
555 3347 753 3428 circumspicit
765 3345 887 3408 Orione.

243 3443 445 3524 Apollinarem
458 3445 583 3506 conveni
595 3464 692 3506 meum
705 3462 823 3506 scazon

124 3571 300 3633 claudicare
314 3573 393 3632 enim
406 3571 436 3631 lri
450 3585 552 3634 versus
565 3581 717 3652 putentur,
738 3581 769 3632 et
791 3572 943 3635 eeteoms
966 3570 1163 3642 nominentur,
1185 3579 1217 3630 et

120 3669 296 3751 χυλιαμβοι.
338 3669 452 3730 Comici
467 3679 575 3742 summ,
596 3677 631 3728 ut
648 3665 722 3740 dixi,
743 3683 880 3726 numeros
901 3663 969 3724 ideo
983 3665 1079 3724 minus
1093 3662 1217 3722 distinx-

122 3775 220 3838 erunt,
241 3777 276 3826 ot
289 3764 450 3825 similitudo
464 3764 607 3826 sermonis
619 3763 784 3824 communis
798 3761 1005 3824 custodiretur.
1047 3759 1151 3835 lteque
1165 3757 1216 3815 Ci-

122 3879 192 3922 cero
205 3863 238 3922 in
252 3861 378 3924 Oratore
393 3861 436 3922 sic
451 3863 511 3923 eit:
533 3863 594 3923 ‘At
606 3859 784 3920 comicorum
798 3855 905 3918 senarii
918 3861 1036 3934 propter
1050 3849 1216 3911 similitudi-

122 3975 190 4018 nem
213 3959 359 4018 sermonis
383 3959 425 4018 sic
449 3977 529 4038 serpe
552 3965 623 4017 suut
645 3955 763 4035 objecti,
782 3961 817 4012 ut
840 3966 1051 4027 nonuunquam
1064 3945 1113 4005 vix
1127 3945 1157 4004 in
1169 3945 1217 4005 his

122 4071 264 4114 numerus
278 4063 310 4114 et
320 4073 425 4115 versus
447 4051 571 4132 intelligi
595 4050 709 4132 possit!
748 4041 823 4107 lloec
836 4043 970 4108 conlusio
983 4061 1052 4104 curn
1065 4052 1111 4102 est
1123 4039 1218 4100 maxi·

122 4167 181 4222 mo,
202 4159 269 4208 tum
283 4149 414 4212 carmine
427 4159 570 4213 vocentur
583 4152 808 4228 ἀπεμφαινοντα,
829 4139 858 4203 id
881 4151 937 4216 est,
959 4137 1165 4214 immanifesta,
1187 4145 1221 4201 et

123 4247 289 4325 ἀνάρμοστα
299 4267 307 4310 :
