3012 4892
601 407 810 458 rnnrnrro.
1205 393 1249 461 25

152 550 368 631 deubrogius,
383 547 444 632 qui
455 545 585 613 naemu
598 551 762 615 successit
777 569 807 614 e.
824 551 919 616 1⁶02.
935 551 1084 634 inprimis
1098 569 1182 616 usus
1196 561 1250 618 est

153 653 269 716 codice
287 649 357 714 lis.
372 649 587 715 bibliodrecse
601 651 701 732 regie
717 652 929 730 Parisinusis,
952 671 1083 734 mognae
1103 653 1248 736 untiqui-

153 755 230 818 tntis
242 759 279 816 et
291 751 466 828 nemum,
484 751 520 814 in
534 769 603 836 quo
617 751 764 818 Terentii
786 754 898 835 inrogo
916 754 1054 838 unoque
1066 773 1169 819 mauu
1190 755 1248 820 de-

153 856 247 937 picto
267 859 354 918 eret.
399 853 463 918 Est
481 853 622 920 sortem
643 854 753 920 codex
778 855 877 920 mo.
897 855 934 920 iu
955 853 1064 920 Gotnl.
1086 855 1249 920 Biblioth.

154 953 239 1037 lleg.
257 953 440 1018 Porisieus.
455 953 542 1018 ldss.
558 954 709 1020 hedum.
732 955 772 1020 Τ.
799 973 847 1020 ιν.
874 957 932 1020 ubi
948 957 1072 1022 Soeouli
1096 973 1152 1023 rx.
1174 977 1249 1022 esse

154 1055 290 1132 dieitur,
305 1061 341 1119 et
353 1055 491 1120 scholiis
504 1057 695 1134 instructus,
706 1056 748 1122 de
763 1059 885 1140 quibus
901 1057 983 1122 nihil
997 1058 1088 1142 opud
1104 1059 1248 1124 Linden-

153 1157 317 1238 brogium.
362 1157 457 1221 Idem
471 1157 528 1222 ille
542 1157 618 1222 eliis
637 1157 731 1223 libris
750 1159 883 1242 seriptis
898 1179 994 1223 usum
1008 1179 1046 1224 se
1057 1179 1131 1223 esse
1146 1165 1249 1225 tesin-

152 1265 215 1336 tur,
231 1260 295 1344 qui
310 1267 422 1323 temen
438 1277 554 1342 perum
566 1258 778 1341 profuerant;
801 1279 879 1325 netu
901 1267 934 1326 ct
948 1261 1147 1326 recentiores
1157 1269 1251 1328 erunt

155 1359 525 1424 etleviterusriubont.
573 1358 774 1424 Frnuciscus
797 1359 889 1424 Here
911 1361 1007 1425 1714.
1028 1361 1178 1426 adhibuit
1192 1383 1250 1427 su·

155 1459 359 1543 pellectileur
385 1479 430 1524 ex
452 1457 608 1524 tredecim
637 1459 811 1526 codicibus
835 1460 1041 1544 Anglieenis,
1066 1462 1101 1526 in
1127 1461 1251 1546 quibus
1375 1473 1381 1483 '

156 1561 272 1644 plures
301 1561 451 1626 melioris
470 1567 558 1626 notae
582 1565 686 1640 erant,
709 1579 730 1625 n
754 1559 865 1628 Nicol.
908 1561 1039 1646 Clogett
1066 1563 1251 1630 collectum.

156 1661 240 1725 Vid.
257 1661 452 1726 Pressatiou.
476 1661 615 1726 editioni
637 1663 800 1745 praemiss
816 1681 894 1746 pop.
911 1679 1021 1728 xxiv.
1063 1663 1254 1730 Westerho-

156 1761 211 1828 rio
227 1761 275 1826 sd
297 1761 527 1828 edomandum
542 1781 637 1828 sunm
652 1763 833 1830 editionem
848 1765 942 1830 1726.
956 1767 1102 1849 quinque
1118 1764 1253 1830 codices

156 1863 337 1930 leidenees
346 1870 470 1948 prmsto
482 1871 578 1930 erunt
590 1871 717 1948 prester
730 1866 829 1944 ellos,
845 1885 933 1951 quos
955 1866 1092 1932 oddooit
1108 1867 1141 1930 in
1157 1865 1250 1932 Ρη·

156 1963 215 2030 fut.
261 1965 437 2030 Bentleins
449 1966 588 2032 editioni
602 1985 673 2032 sum
684 1965 844 2032 Guntehr.
857 1973 890 2034 et
905 1967 1045 2034 Inndiu.
1059 1967 1155 2033 17211.
1169 1967 1252 2032 Am·

157 2066 515 2150 stel.1⁷27.repetite
534 2067 663 2152 Lipsiae
685 2069 779 2136 1791.
793 2071 925 2136 brevem
943 2071 1106 2155 promisit
1125 2069 1253 2134 Proeio·

158 2167 295 2244 tionem
309 2187 387 2251 quae
400 2173 510 2233 nerrut
523 2169 685 2251 plurimos
708 2189 746 2235 se
767 2171 905 2238 codices
924 2173 1065 2256 scriptos
1081 2171 1254 2238 Ceutehri-

158 2269 290 2348 gienses
318 2277 356 2334 et
379 2269 607 2335 hondinenses
631 2273 674 2337 ed
697 2271 878 2338 editionem
900 2273 987 2340 huno
1014 2269 1198 2338 contulisse
1219 2275 1255 2336 et

158 2372 329 2454 exegisse,
351 2377 385 2436 el
404 2371 439 2436 in
454 2371 556 2436 Notis
580 2375 776 2439 nominatim
798 2375 1002 2458 appellasse.
1046 2373 1106 2439 Uti
1128 2391 1254 2450 omnes,

159 2492 245 2558 quos
259 2473 422 2538 morenos
436 2472 585 2550 inodori,
598 2473 744 2540 editores
758 2475 904 2555 codices,
923 2495 1008 2562 qnos
1021 2475 1254 2553 adhibuerunt,

159 2577 357 2642 brevissime
368 2576 558 2642 indicnrunt
571 2583 606 2642 et
618 2577 841 2662 appellarunt,
854 2597 924 2644 non
934 2580 1192 2664 descripserunt,
1206 2577 1256 2644 its

160 2678 262 2742 etiem
286 2679 494 2762 nuperrimos
517 2676 665 2744 'l'ereutii
693 2679 811 2758 editor,
840 2681 1126 2764 ingeniosissimus
1148 2677 1258 2744 Bothe

162 2779 260 2846 18011
272 2779 387 2844 lebore
401 2785 555 2846 coeunte
569 2780 709 2846 codices
723 2801 807 2846 suos
829 2780 1037 2845 describendi
1059 2777 1256 2862 supersedit.

163 2879 266 2958 Quod
280 2880 325 2945 ud
340 2881 458 2946 horum
471 2901 571 2948 uuum
590 2883 716 2961 nttinet,
738 2901 860 2966 nempe
883 2881 1030 2946 codicem
1045 2880 1123 2945 olim
1136 2877 1256 2946 neode-

162 2983 240 3048 mioe
268 2982 564 3064 Helmstsdieusis‚
585 2985 693 3050 otium
715 2983 784 3068 ipsi
805 2983 929 3049 feceret
947 2981 983 3048 J.
1000 2981 1125 3047 Fooius
1140 2983 1175 3046 in
1188 2983 1257 3048 col·

162 3085 285 3150 lotione
305 3084 404 3170 huius
430 3085 558 3152 codicis
579 3087 703 3152 inserte
723 3085 764 3152 Τ.
790 3085 830 3152 C.
848 3083 998 3151 Harlesii
1013 3082 1140 3169 Opusc.
1160 3083 1257 3150 Vorii

164 3184 779 3272 Argum.liulee1773.p·214·=⁴38li.
1069 3255 1074 3264 ,

206 3287 445 3354 Considerunti
465 3287 547 3352 mihi
567 3289 681 3353 horum
706 3287 861 3354 codicum
877 3288 1064 3372 catalogum
1083 3289 1260 3372 probabile

164 3395 226 3468 est,
240 3389 369 3456 nullum
384 3389 508 3472 glossis
524 3389 581 3454 vel
589 3389 727 3456 scholiis
740 3391 937 3455 instructum
952 3409 1040 3468 esse,
1050 3391 1131 3474 quia
1141 3389 1257 3454 horum

164 3512 232 3558 uon
245 3511 408 3576 expresso
420 3491 546 3557 mentio
556 3489 647 3558 facta
657 3499 720 3558 est.
763 3489 891 3556 Verum
902 3492 1070 3556 enimvero
1080 3489 1169 3554 idem
1183 3490 1260 3556 eliis

166 3594 342 3662 codicibus
377 3595 510 3660 evenire
538 3595 659 3677 potuit,
689 3593 779 3676 quod
808 3593 922 3658 codici
951 3591 1127 3671 Bembiuo,
1159 3611 1258 3676 quem

167 3695 319 3761 Faernus
326 3695 477 3760 omnium
487 3695 751 3780 antiquissimum
763 3693 1258 3778 etproestentissimumlrehuit,

164 3797 297 3862 iactum
310 3805 375 3862 est.
418 3796 590 3874 Nom,etsi
604 3793 778 3862 Victorius
798 3798 832 3861 in
845 3795 1045 3861 Praeledone
1066 3793 1109 3858 de
1122 3793 1260 3858 scholiis

166 3899 246 3966 hnic
261 3897 371 3964 codici
387 3897 544 3981 ascriptis
561 3896 644 3961 nihil
667 3897 833 3974 admouet,
854 3903 978 3961 certum
1000 3903 1112 3959 tomen
1134 3901 1188 3959 est
1210 3893 1261 3962 ibi

166 4000 299 4083 reperiri
319 4019 364 4064 ex
384 4000 473 4083 ipsis
497 3999 600 4065 Notis
626 3998 758 4078 Fedrni,
780 3999 837 4082 qui
862 3997 906 4062 od
922 3995 1107 4061 Heautont.
1122 3993 1213 4061 Prol.
1227 3999 1260 4061 l.

169 4103 216 4169 nit
237 4107 248 4136 ‘
264 4103 300 4168 in
314 4101 403 4166 libro
418 4101 595 4180 Bembiuo,
615 4109 654 4168 ut
666 4121 725 4186 per
740 4117 853 4166 omnes
867 4097 951 4162 ebes
973 4095 1181 4176 Gomoedius,
1204 4117 1261 4162 nu·

169 4205 360 4290 liquiscima
372 4221 475 4270 moun
490 4203 692 4288 glossemate
705 4221 749 4268 ex
766 4201 903 4268 Douolo
916 4200 950 4264 iu
960 4197 1104 4282 margine
1117 4201 1261 4284 ascripto
