3012 4892
235 381 279 444 et
574 387 711 440 vinnon
736 389 785 438 ne
808 387 1001 438 contenis.

238 536 376 598 celebres
391 536 468 595 enim
482 541 568 594 erant
577 541 608 592 et
620 530 781 592 Phoenicius
796 530 887 590 literae
901 529 1033 590 nondum
1045 527 1159 588 Graecis
1179 528 1331 590 sexdecim

238 653 257 694 a
270 631 430 692 Palamede
444 629 565 708 Nauplii
578 628 638 689 lilio
651 626 861 706 configuratis:
879 645 919 686 'ac
941 625 1058 706 plurimi
1080 624 1179 685 studia
1200 625 1333 703 possiem

238 727 441 787 habebantur:
465 726 645 805 proindeque
667 725 815 802 sapientes
838 723 880 782 illi
902 721 1030 782 numeris
1055 722 1152 780 omnia
1174 738 1335 800 compone·

239 825 329 882 bant:
351 843 419 901 quae
442 841 503 881 una
523 841 591 881 corn
613 820 717 880 ceteris
740 819 819 898 apud
842 827 905 878 tum
920 816 1073 897 AEgyptios
1097 815 1229 876 floruisse
1248 833 1336 876 nemo

239 920 316 978 bene
331 916 437 978 doctus
452 915 601 977 dubitarit.
635 914 703 975 Non
719 913 984 986 deluernntetiam,
1000 913 1049 991 qui
1064 911 1240 971 Fabulamnr
1254 911 1338 970 initia

242 1013 349 1073 Siculis
370 1012 584 1091 adjudicarent,
608 1009 855 1090 quemadmodum
880 1009 1055 1070 Aristoteles
1077 1009 1107 1067 in
1132 1007 1261 1068 Potitiois
1284 1007 1337 1078 ait,

242 1109 380 1188 quoniam
397 1108 591 1188 Epicharmus
606 1106 794 1166 comicorum
813 1105 1032 1183 antiquissimus
1054 1105 1143 1184 polita
1165 1102 1244 1163 illinc
1257 1111 1339 1163 esset

243 1203 395 1264 oriundus.
437 1204 640 1284 Syracusanus
654 1201 733 1262 euim
746 1220 845 1262 revera
865 1202 929 1274 luit,
952 1201 1145 1280 duplicesque
1165 1198 1337 1260 Graecorum

242 1299 341 1360 literas
366 1301 386 1362 ἓ
407 1305 422 1370 ξ
439 1324 462 1380 χ
482 1298 593 1378 primus
615 1298 744 1358 omnium
766 1297 954 1376 excogitavit,
978 1297 1055 1357 sicut
1069 1296 1098 1354 in
1115 1295 1225 1354 iliados
1239 1294 1339 1374 Alphe

246 1393 463 1454 Grammaticus
478 1395 610 1453 loannes
624 1393 723 1452 solerti
736 1392 780 1452 vir
793 1392 913 1471 ingenio
923 1411 1038 1451 mecum
1049 1389 1154 1450 sentit:
1167 1390 1218 1448 nbi
1231 1389 1339 1468 longas

183 1553 189 1568 Ι
246 1500 308 1560 net
321 1515 342 1550 u
356 1509 408 1568 per
422 1488 603 1548 Simonidem
624 1491 742 1568 po'e'tam
768 1489 798 1548 in
822 1488 920 1548 insula
943 1487 1019 1547 Chio
1041 1497 1144 1546 netum
1157 1485 1259 1546 scribit
1271 1503 1340 1546 esse

245 1583 398 1656 formatas,
418 1585 668 1665 aspiratarumque
690 1583 874 1646 characteres
894 1587 913 1642 θ
933 1595 953 1662 φ
974 1607 998 1664 χ
1018 1580 1133 1640 Cadmo
1155 1581 1205 1640 illo
1221 1579 1341 1642 Milesio

247 1689 372 1740 testatur
386 1680 520 1740 effictos:
542 1679 612 1740 licet
628 1679 694 1740 haec
708 1679 822 1740 Plinius
836 1677 1081 1758 quinquagesimo
1095 1687 1179 1736 sesto
1192 1675 1258 1736 libri
1272 1696 1340 1756 sep·

210 1781 215 1791 ¹
247 1773 309 1836 timi
331 1777 427 1854 capite
451 1775 540 1855 longe
562 1775 647 1836 aliter
671 1775 789 1836 tradat:
810 1772 867 1834 nisi
890 1775 928 1834 sit
950 1793 1030 1836 error
1049 1775 1079 1834 iu
1104 1773 1268 1845 codicibus,
1288 1783 1343 1832 aut

249 1870 347 1930 Graeci
361 1871 417 1950 ipsi
430 1891 489 1932 nou
503 1871 576 1930 satis
591 1871 647 1930 sibi
661 1881 808 1945 constent,
829 1891 903 1952 quos
925 1870 975 1930 ille
993 1870 1178 1950 potissimum
1191 1870 1280 1930 luerit
1293 1889 1342 1930 se·

250 1977 347 2028 cutus.
389 1966 488 2026 Satius
512 1977 610 2028 tamen
633 1968 756 2028 arbitror
780 1968 845 2028 heac
867 1968 1013 2028 elementa
1026 1966 1144 2046 singula
1157 1965 1282 2046 singulis
1295 1967 1343 2026 in·

249 2063 419 2123 cantoribus
429 2061 590 2122 addixisse.
618 2063 663 2122 Ea
676 2063 764 2141 igitur
774 2063 980 2143 aegrotantium
992 2061 1106 2122 somnia
1119 2061 1342 2142 pretermittas:

251 2177 343 2218 uuum
357 2157 413 2218 hoc
428 2158 525 2218 sciens
546 2159 583 2218 ab
603 2157 755 2237 AEschylo,
776 2157 880 2236 etqui
901 2177 968 2218 eum
991 2168 1110 2218 secutus
1131 2167 1187 2230 est,
1211 2157 1344 2229 Cratino,
1435 2185 1440 2191 ¹

254 2252 380 2314 Fabulae
402 2252 432 2314 in
455 2271 539 2312 suam
561 2257 683 2314 sormam
705 2271 772 2312 esse
791 2253 910 2314 taudem
923 2253 1068 2315 redactas.
1109 2252 1258 2332 Siquidem
1272 2265 1344 2314 ante

253 2347 385 2409 devictos
399 2347 506 2409 Persas
521 2349 559 2408 ad
576 2349 737 2422 Salamina,
756 2349 842 2428 cujus
856 2349 985 2410 victorine
1008 2349 1161 2419 Fabulam,
1182 2367 1249 2428 quta
1263 2369 1345 2410 nuuc

253 2453 344 2516 extet,
360 2444 518 2524 AEschylus
532 2444 624 2518 dedit,
639 2444 738 2505 nullus
752 2445 782 2505 in
796 2445 832 2506 iis
846 2444 919 2506 ordo
933 2455 1051 2525 poterat
1064 2445 1194 2524 reperiri.
1225 2445 1345 2505 Comm-

254 2540 367 2604 diarum
387 2541 488 2618 itaque
508 2539 602 2619 prima
622 2541 735 2601 semina
758 2541 797 2601 ad
822 2541 977 2622 AEgyptios
999 2542 1168 2612 referamus,
1189 2541 1346 2601 lormulam

254 2655 353 2696 earum
367 2647 398 2696 et
412 2636 544 2696 ordinem
559 2637 671 2697 Cratini
692 2639 869 2716 temporibus
893 2638 1085 2698 ascribentes.
1127 2635 1202 2715 Styli
1215 2656 1282 2696 curn
1296 2656 1347 2697 ce·

253 2731 325 2792 teris
338 2731 489 2812 scripturis
503 2732 607 2793 eadem
629 2753 695 2795 esse
718 2733 883 2794 differentia
902 2734 1036 2802 videtum
1059 2734 1180 2812 antiqua
1192 2732 1270 2792 enirn
1285 2733 1347 2792 00-

255 2827 364 2888 mredia
377 2828 474 2906 gravis
489 2837 519 2887 et
532 2829 610 2888 elata
623 2849 740 2909 semper
754 2829 874 2902 incedit,
895 2849 931 2892 ac
945 2848 1157 2908 nonnunquam
1170 2825 1348 2889 obsoletiore

255 2921 392 3000 quedam
403 2924 492 2982 verba
505 2932 651 2986 sectatur:
667 2935 698 2984 at
708 2935 812 2985 contra
825 2926 969 2986 recentior
983 2923 1169 3004 perspicuum
1183 2943 1348 2986 sermonem

257 3016 386 3090 affectat,
400 3027 502 3097 utpote
517 3039 584 3096 quse
600 3021 683 3080 novis
697 3039 732 3080 ac
746 3022 928 3101 politioribus
942 3031 1041 3080 utatur
1054 3020 1216 3081 atticismis.

299 3113 433 3172 Materiae
447 3132 515 3172 cum
535 3125 596 3174 tres
610 3133 676 3175 esse
691 3135 777 3176 nemo
791 3117 923 3196 ambigat
937 3116 1096 3188 sectiones,
1109 3115 1246 3193 quosdam
1261 3116 1351 3177 altius

257 3205 395 3270 ridentur
414 3208 499 3268 nobis
521 3227 587 3270 esse
606 3211 776 3292 repetenda.
817 3213 874 3274 Per
887 3211 995 3272 Atticen
1008 3213 1089 3271 urbis
1103 3211 1281 3271 incrementa
1294 3231 1351 3292 pos

256 3301 403 3364 tissimum
417 3303 534 3382 rigente
546 3306 703 3384 republica,
717 3327 784 3368 curn
800 3308 913 3368 scilicet
925 3307 1024 3368 omnia
1045 3307 1147 3387 populi
1169 3307 1288 3367 arbitrio
1302 3328 1349 3369 re·

258 3407 405 3476 gerentur,
417 3401 524 3479 podtm,
535 3402 586 3479 qui
602 3401 720 3463 Fabulis
730 3423 849 3482 operam
861 3404 982 3475 dabant,
994 3406 1032 3464 ab
1046 3403 1239 3464 insectatione
1252 3403 1350 3464 aliena

258 3493 366 3575 stylum
379 3494 497 3556 minime
510 3507 645 3575 poterant
657 3501 822 3560 continere:
845 3519 897 3560 sen
916 3501 1056 3579 quoniam
1070 3499 1160 3560 Attici
1176 3509 1281 3579 suapte
1295 3519 1351 3560 na·

258 3603 326 3654 tura
337 3593 501 3656 nasutiores
514 3614 580 3654 esse
594 3595 750 3658 dicuntur:
772 3599 833 3658 slve
844 3599 943 3679 potius
957 3598 1038 3678 quod
1051 3597 1158 3677 plebeii
1174 3617 1290 3676 semper
1303 3598 1351 3657 in·

259 3697 330 3748 nato
344 3687 413 3748 odio
426 3690 562 3768 patricios
575 3701 804 3772 prosequuntur.
845 3693 960 3752 Etenim
979 3693 1154 3773 praepotsuti
1173 3711 1282 3752 morem
1297 3711 1352 3773 po-

260 3782 330 3862 pulo
342 3794 488 3862 gerentes,
511 3797 542 3846 et
561 3786 676 3864 judices
698 3799 728 3848 et
745 3799 886 3866 praetores
900 3787 1065 3848 maledictis
1080 3789 1219 3847 insectari
1232 3787 1352 3849 minime

261 3877 456 3940 dubitabant:
478 3900 513 3940 ac
528 3881 619 3941 nihilo
634 3884 730 3944 secius
744 3883 884 3963 privatos,
906 3884 930 3943 si
952 3883 1019 3962 quis
1040 3883 1086 3943 vel
1106 3901 1222 3956 avarus,
1237 3883 1283 3943 rel
1296 3884 1352 3944 irn-

260 3993 352 4053 purus
366 3994 432 4036 esse
446 3975 610 4036 videretur:
626 3979 807 4058 maximeque
821 3979 946 4039 dabatur
959 3978 1052 4051 laudi,
1066 3979 1091 4038 si
1105 3981 1193 4057 polita
1206 3980 1355 4059 quispiam

264 4085 384 4130 escena
406 4070 597 4148 gravioribus,
616 4091 651 4132 ac
673 4073 759 4153 plene
783 4075 925 4134 censoriis
943 4073 1039 4133 verbis
1059 4074 1089 4134 id
1111 4094 1204 4153 genus
1219 4075 1357 4136 homines

263 4163 353 4224 veluti
372 4164 480 4243 jaculis
497 4168 683 4230 coniecisset.
724 4169 791 4232 Hoc
812 4189 940 4250 namque
963 4169 1047 4230 multi
1069 4169 1233 4232 domestico
1245 4173 1358 4251 probro
