3012 4892
549 413 730 462 nannum}
758 411 857 463 vira.
1203 405 1246 468 37

145 563 197 614 tna
212 561 258 614 eat
269 551 385 612 liberali
401 551 530 631 ingenio,
551 551 697 631 capientia
711 553 824 627 llorere,
847 554 877 612 in
891 561 976 614 tanto
996 555 1116 630 bonore,
1139 564 1244 620 tanta'

146 651 243 730 gratia
257 647 339 728 apud
357 667 427 708 eum
450 647 570 707 babitua
593 658 649 718 eat,
670 650 832 727 praesertim
847 669 914 710 cum
928 651 1026 714 liberie
1040 656 1247 733 genitoribus*

148 759 231 806 anua
245 755 337 818 eaaet,
358 755 393 804 at
415 744 442 802 ei
465 743 589 803 eandem
611 743 775 804 libertatem
796 746 981 820 concederet,
1001 759 1088 828 atque
1102 751 1178 812 iuter
1190 750 1244 812 do·

148 843 289 902 mancos
305 859 377 900 auor
391 840 569 920 praecipuam
585 840 809 901 familiaritatem
824 842 852 900 ei
866 841 998 904 donaret
1028 845 1131 906 Roma
1146 857 1244 908 autem

146 938 219 998 dnm
244 946 417 1009 moraretur,
442 945 473 996 et
496 935 608 996 rideret
630 937 797 1016 frequenter
817 939 958 1017 populum
981 939 1012 998 in
1035 940 1180 1002 theatrum
1204 941 1243 1002 ad

146 1032 352 1112 spectaculum
371 1032 548 1098 conveniret
570 1050 606 1090 ea
627 1031 740 1092 ratione
760 1046 849 1112 atque
872 1033 1033 1094 intentione
1054 1055 1175 1098 exoraua
1197 1048 1245 1098 eat

146 1127 333 1188 Comtediam
356 1127 548 1198 aeribere„ut
568 1126 679 1206 populo
703 1129 905 1189 recitationem
928 1128 1103 1191 Fabularum
1124 1153 1243 1198 auarum

144 1225 304 1294 conterret,
326 1222 438 1302 albique
460 1241 527 1282 eum
545 1221 735 1284 conciliaret:
758 1222 823 1296 aed,
847 1243 914 1284 cum
939 1227 1099 1305 coepiraent
1123 1227 1241 1292 rabdo

145 1320 208 1400 ejua
221 1320 350 1391 recitari,
365 1319 453 1398 longe
468 1317 551 1379 aliter
563 1319 659 1381 virum
668 1335 726 1393 eat,
738 1339 828 1399 qnam
843 1323 1014 1400 apameaet,⁵
1028 1317 1121 1401 quia⁸
1133 1323 1242 1385 multoe

144 1415 270 1476 mmuloa
282 1412 424 1496 propter⁷
441 1414 499 1475 boc
513 1425 618 1475 contra
632 1433 664 1476 te
678 1415 826 1490 excitarit,
846 1416 898 1496 qui
911 1417 974 1496 ejua
989 1417 1070 1479 dicta
1083 1417 1241 1499 repreben-

145 1511 269 1572 debant.
304 1511 539 1591 scriptitantem
552 1510 729 1573 nitidissimo
743 1512 821 1594 atylo
835 1532 888 1573 aex
905 1513 1044 1584 Fabulae,
1056 1533 1093 1576 ex
1107 1533 1240 1594 unaqua-

146 1627 206 1686 que
225 1627 319 1666 unum
342 1606 448 1665 librum
469 1604 686 1675 determinana;
708 1626 783 1686 quaa
807 1607 876 1669 licet
897 1609 981 1670 multi
1001 1611 1134 1690 negent,⁸
1158 1629 1241 1672 men·

146 1703 268 1774 dantur,
286 1711 363 1761 teate
377 1699 539 1774 Princianm
560 1701 611 1781 qui
627 1701 664 1762 de
679 1702 783 1762 Metria
797 1703 980 1764 Terentiania
994 1705 1132 1786 loquitur,
1152 1715 1183 1766 et
1195 1691 1241 1765 in-

147 1817 235 1876 auper
248 1797 280 1856 in
294 1797 369 1857 libro
383 1795 614 1857 Grammaticoe⁹
639 1817 720 1878 caepe
739 1797 822 1872 dicit,
846 1799 930 1878 cuju·
952 1819 1058 1880 genere
1072 1801 1156 1861 metri
1169 1813 1240 1862 coni

147 1903 206 1954 atat
217 1891 397 1972 exemplum,
416 1891 497 1971 qnod
507 1889 534 1923 ¹⁰
554 1892 655 1971 ponit:
677 1912 793 1954 necnon
815 1895 904 1954 etiarn
926 1905 1002 1955 teate
1024 1895 1132 1956 Rufino
1152 1895 1182 1954 in
1203 1916 1239 1958 eo

144 1987 228 2061 libro,
248 1987 390 2068 quamde
416 1987 520 2047 Matris
542 1987 679 2066 ecripait:
701 1989 798 2068 ipae¹¹
824 2009 943 2072 quoque
963 1989 1185 2051 nihilominua¹²
1208 1992 1239 2052 in

147 2083 283 2164 Protegit
298 2102 331 2146 ee
345 2085 572 2162 potmmvocat.
615 2083 725 2144 Omnea
750 2083 868 2164 quidem
890 2085 954 2165 ejua
978 2085 1042 2146 libri
1061 2087 1239 2167 permaxime

145 2181 270 2241 iambico
283 2189 378 2240 metro
391 2187 540 2251 coaetant,
554 2179 622 2239 licet
636 2198 695 2239 non
711 2179 858 2240 uniformi.
893 2179 1012 2260 Prologi
1027 2201 1095 2242 vero
1108 2181 1238 2242 omnium
1340 2168 1345 2180 ’

144 2276 283 2337 librorum
296 2275 424 2336 ternario
437 2275 561 2335 iambico
575 2275 746 2336 catalectico
761 2277 915 2354 compositi
935 2288 1014 2349 aunt,
1037 2297 1090 2337 aex
1113 2277 1237 2356 pedibus

144 2391 196 2452 pro
216 2373 311 2433 tribua
335 2370 523 2452 computatio.
565 2371 642 2432 Nam
665 2371 782 2432 diverra
796 2381 866 2431 aunt
881 2390 991 2450 genera
1008 2371 1123 2432 iambici
1143 2373 1237 2433 metri.

146 2469 199 2529 liat
211 2468 290 2528 enirn
309 2477 532 2539 monomatrum,
553 2468 635 2547 quod
659 2477 778 2529 coartat
802 2467 918 2528 duobut
941 2467 1066 2526 iambia':
1087 2475 1133 2526 eat
1146 2465 1238 2528 dime-

145 2575 232 2638 trum,
253 2563 334 2644 qnod
348 2574 494 2644 quatuor:
516 2575 562 2625 eat
575 2565 747 2638 trimetrum,
771 2563 853 2643 qnod
878 2581 947 2622 aex:
969 2571 1016 2623 eat
1028 2571 1239 2636 tetrametrum,

146 2660 224 2740 qnod
239 2669 331 2722 octo:
351 2669 400 2720 eat
410 2661 664 2739 pentametrum,¹³
682 2659 736 2720 aed
750 2678 816 2720 raro
829 2659 993 2719 invenitur:
1015 2657 1045 2718 in
1059 2659 1166 2738 quibua
1181 2659 1239 2718 iata

146 2753 192 2817 lex'
205 2757 390 2828 obaervatur,
409 2765 444 2814 ut
466 2775 582 2836 aemper
606 2755 666 2816 duo
688 2757 775 2824 iambi
792 2775 846 2836 pro
859 2775 921 2814 uno
934 2754 1009 2834 pede
1023 2765 1239 2832 computentur,

146 2853 183 2912 nb
205 2851 386 2914 celeritatem
406 2851 555 2930 temporie,
580 2867 669 2930 quam
692 2860 849 2928 occupant,
873 2857 949 2907 teate
973 2848 1096 2908 Horatio
1112 2847 1143 2908 in
1164 2848 1239 2908 libro

146 2944 315 3010 Poiticre.¹⁴
354 2944 518 3006 Imitatnr¹⁵
533 2957 632 3006 autem
648 2943 795 3016 Naevium,
810 2942 961 3016 Plautum,
976 2943 1112 3013 Ennium,
1125 2953 1239 3004 veterat

147 3043 295 3114 Comicae,
316 3040 524 3120 precipueque
546 3039 756 3112 Menandrum,
777 3039 827 3118 qui
850 3037 939 3118 longe
963 3049 1031 3098 ante
1053 3038 1149 3118 ipeum
1163 3038 1238 3100 duat

147 3138 275 3200 Fabulae
289 3131 483 3214 deacripait,¹⁶
497 3136 528 3194 in
542 3153 618 3216 quaa
632 3135 784 3196 transtulit
794 3133 931 3214 quaedam
941 3155 977 3194 ex
988 3133 1139 3196 Perinthia
1149 3134 1239 3208 illiue,

144 3255 210 3315 qum
223 3251 389 3296 convenere
402 3241 462 3292 tam
478 3229 507 3290 in
523 3251 623 3304 aenan,
644 3251 733 3312 quam
757 3231 788 3290 in
811 3229 908 3310 atylo:
929 3229 1096 3310 idcircoque
1112 3232 1238 3310 grauiter

144 3329 412 3412 reprehendebatur
432 3329 469 3388 ab
489 3327 614 3388 mmulir.
655 3324 728 3386 At¹⁷
747 3337 846 3387 tamen
860 3327 1033 3399 notandum,
1047 3327 1237 3388 interamnae

145 3427 282 3490 Comiooa
310 3425 400 3486 iatum
426 3423 594 3484 Terentium
621 3425 658 3485 ab
667 3423 691 3460 ¹⁸
718 3423 776 3484 hoc
803 3421 1048 3502 principalitatem
1074 3421 1238 3501 possidere,

174 3575 188 3620 1
206 3567 326 3620 Acme
345 3567 440 3618 lin—²
458 3565 582 3617 Additum
600 3567 635 3630 ia,
653 3565 720 3632 quod
743 3567 768 3617 in
787 3565 878 3618 codice
900 3565 1014 3616 deletum
1033 3573 1082 3617 eat.
1098 3565 1237 3617 liram-t

144 3648 370 3715 Marulla-t
387 3645 429 3696 ld.
446 3651 592 3710 pragam-o
610 3646 652 3697 ld.
666 3651 830 3710 speraret-d
846 3645 887 3696 ld.
898 3648 1063 3710 Μαι-7
1080 3645 1123 3697 ld.
1136 3651 1238 3710 pen-8

140 3730 182 3781 ld
193 3729 278 3792 addit,
287 3732 360 3778 natm
370 3731 537 3780 coum-tt
550 3725 631 3777 Addit
642 3735 671 3778 et
680 3729 815 3780 ntia-1⁰
833 3727 1017 3792 tummim
1032 3725 1111 3776 babet
1126 3727 1237 3776 lia-ll

140 3811 195 3875 ipro
206 3809 243 3859 ld.
277 3809 362 3860 Quam
382 3807 445 3856 lect.
463 3807 596 3858 meliorem
607 3807 880 3872 judicatliruna.-12
896 3808 942 3856 Br.
953 3805 1150 3869 additam—lt
1167 3805 1239 3856 Petri.

140 3891 201 3954 pud
213 3889 251 3939 X.
266 3894 307 3938 eat
317 3899 395 3950 capra
406 3886 499 3936 lineam
511 3887 637 3952 acriptnm
646 3889 672 3938 io
691 3889 802 3940 lin-lt
818 3887 925 3938 Poitria
943 3885 1050 3934 lin-lt
1068 3883 1108 3934 ld.
1126 3884 1238 3935 Irrritataa

141 3971 252 4020 ote-lb
269 3965 405 4030 eonpmtt
417 3967 594 4030 praeempta
603 3967 682 4018 babet
692 3969 737 4018 Br.
756 3973 785 4018 at
802 3965 893 4018 addit:
911 3966 928 4017 i.
950 3963 987 4028 [ro
1006 3963 1069 4027 aat‚]
1082 3963 1199 4014 Andria
1214 3971 1238 4016 ti

142 4048 301 4099 Parnm
335 4047 395 4104 Qua
410 4045 446 4096 ita
461 4048 596 4111 compotita
610 4053 676 4111 ruat,
690 4053 727 4112 rit,
743 4047 784 4112 qai
798 4060 870 4096 m
884 4046 980 4095 illarum
996 4043 1239 4104 multatritmbu

141 4131 270 4192 uenam
303 4127 443 4178 aemma
457 4127 704 4190 Maleam,
720 4132 744 4178 et
759 4124 870 4187 metam,
885 4125 926 4174 ted
940 4123 1079 4174 marcant
1093 4125 1237 4178 mltum

142 4211 210 4275 tylo.
242 4207 296 4260 Hic
311 4207 436 4258 Terentina
450 4211 504 4272 poet
520 4208 597 4273 ipsam
614 4209 731 4260 Andria
740 4207 812 4258 alim
830 4203 978 4271 ampullula
988 4207 1107 4270 quw-lt
1123 4205 1158 4258 ,tt
1169 4205 1240 4260 delet
