2958 4892
261 369 328 437 206
643 385 877 438 uniuersous
902 385 1007 435 unes

262 549 298 593 er
312 529 462 592 uccheico
483 549 590 610 genere
605 527 759 592 deauratis.
803 517 906 590 Sentio
928 529 1048 610 quidem
1061 546 1108 592 me
1122 530 1171 592 hic
1186 531 1223 592 ab
1238 529 1306 592 aliis
1320 533 1362 591 rei

262 629 391 688 metricas
417 627 607 708 scriptoribus
633 625 724 698 abire,
752 626 803 704 qui
831 625 869 685 de
896 617 1022 688 iambico
1048 645 1154 706 genere
1178 627 1275 706 primo
1296 627 1363 687 loeo

263 723 360 784 solent
384 743 482 802 agere,
506 733 540 782 ut
564 722 770 802 antiquissimo
799 732 830 782 et
853 721 1014 784 facillimo:
1045 721 1099 782 eed
1122 721 1362 783 doctissimorum

261 821 388 881 virorum
401 821 488 880 venia
501 819 599 881 dicere
618 820 717 892 liceat,
743 827 869 899 utroque
884 819 1004 880 nomine
1018 837 1071 881 eos
1084 820 1274 881 vehementer
1287 821 1362 882 felli.

262 915 392 977 Primum
407 916 485 978 enim
498 915 660 976 clarissimo
674 933 711 975 cr
730 905 903 975 Aristotelia
919 914 993 975 libro
1007 913 1046 976 de
1059 914 1182 976 Poitica
1192 916 1364 977 testimonio

262 1021 382 1073 consmt
399 1011 581 1072 trochaicum
596 1029 691 1091 genus
705 1011 798 1071 luisse
821 1010 1066 1090 antiquissimum.
1109 1011 1184 1071 llaec
1207 1011 1287 1072 enim
1313 1011 1362 1072 ille

262 1127 289 1169 c.
307 1112 338 1167 4.
378 1108 431 1180 Τό,
447 1132 478 1168 rs
498 1114 600 1188 μέτρον
618 1110 650 1168 ir
673 1109 857 1187 τετραμέτρου
877 1110 1053 1189 (τροχοῖτοῡ)
1077 1105 1211 1186 ἰαμβεῖον
1234 1101 1362 1182 ἐγένετο.

262 1205 294 1264 τὸ
306 1207 362 1284 μὲν
377 1208 433 1282 γὰρ
443 1213 551 1282 πρῶτον
565 1208 736 1288 τετραμέτρρ
749 1207 884 1284 ἕχρῦντο,
897 1201 943 1262 διὸ
964 1203 996 1264 τὸ
1010 1207 1158 1280 σατυρικὴν
1170 1205 1215 1262 rui
1230 1204 1363 1284 ὀρχηστι·

261 1306 383 1378 ωτέρον
396 1299 472 1360 εἶναι
484 1302 536 1370 τὴν
545 1305 670 1373 ποίησιν.
684 1305 784 1374 λέξων
797 1299 830 1360 dd
842 1293 1007 1380 γενομένην,
1020 1302 1116 1372 nirdri
1126 1299 1205 1378 ρΰοιο
1215 1299 1248 1359 τὸ
1259 1301 1363 1358 οἰκεῖον

261 1403 362 1474 μέτρον
375 1393 446 1472 alpe.
460 1399 587 1474 μάλιστα
601 1399 657 1474 γὰρ
670 1395 796 1456 λεκτικὸν
808 1405 864 1458 τῶν
873 1402 974 1475 μέτρον
988 1396 1019 1456 τὸ
1030 1393 1164 1474 ἰαμβεῖον
1177 1397 1248 1456 irre.
1271 1393 1363 1464 Quod

263 1491 288 1551 si
301 1491 358 1552 hoc
373 1509 459 1552 secus
474 1510 507 1551 se
525 1491 655 1566 haberet,
677 1502 788 1566 temen,
810 1490 836 1550 si
859 1511 927 1571 quae
950 1489 988 1550 de
1002 1509 1033 1550 re
1055 1488 1176 1550 metrica
1198 1489 1362 1568 scripturus

263 1607 339 1661 sum,
350 1587 467 1648 facilius
480 1583 733 1667 intelligentur'ea
746 1587 870 1666 primurn
882 1584 1039 1657 tradendo,
1049 1603 1117 1664 quse
1129 1583 1168 1644 ad
1178 1583 1362 1644 trochaicum

262 1701 357 1762 genus
372 1693 519 1765 spectent,
532 1683 599 1744 hrec
613 1693 660 1744 est
676 1682 784 1744 idonea
797 1682 884 1756 ratio,
898 1702 951 1743 cur
964 1681 1042 1741 hanc
1056 1680 1155 1760 potius
1169 1699 1259 1758 quam
1279 1678 1362 1738 illem

261 1779 338 1840 riam
352 1781 534 1842 insistemus.
575 1780 649 1841 lloec
664 1771 763 1840 autem
777 1779 852 1840 ratio
866 1787 1010 1859 quantum
1024 1776 1116 1838 altera
1138 1775 1252 1836 facilior
1266 1775 1318 1846 sit,
1332 1785 1363 1836 et

262 1893 322 1936 nou
346 1875 434 1936 modo
448 1876 488 1936 rei
502 1875 632 1939 metricae
655 1875 854 1954 imperitorum
873 1873 972 1954 captui
987 1869 1248 1943 accommodatior,
1263 1869 1362 1930 sedet

261 1961 373 2050 rei'ipsi
386 1971 424 2036 (le
438 1991 498 2052 qna
511 1972 620 2050 egitur,
641 1972 737 2052 aptior
751 1981 840 2054 etque
853 1969 963 2044 utilior,
985 1989 1045 2030 uon
1060 1987 1135 2048 opus
1157 1976 1204 2028 est
1217 1976 1252 2026 ut
1265 1965 1362 2028 verbis

261 2065 334 2128 meis
348 2065 462 2134 dicam:
483 2067 575 2128 lector
588 2067 652 2148 ipse
666 2067 767 2128 statim
778 2079 916 2147 expertus
930 2085 962 2126 re
973 2049 1041 2146 ipse¹
1053 2051 1267 2144 deprehendet.

303 2161 373 2235 Sed,
388 2170 546 2241 antequam
561 2181 630 2222 vera
644 2182 681 2222 ex
695 2161 832 2223 Terentio
846 2160 983 2242 exempla
1000 2157 1159 2231 adducam,
1173 2157 1251 2218 lictis
1263 2175 1362 2218 exem·

261 2255 330 2336 plis,
343 2275 404 2318 uno
424 2249 638 2318 scilicetverbo
665 2258 773 2338 sepius
795 2258 929 2338 repetito,
952 2256 1070 2335 singula
1090 2273 1226 2316 versuum
1252 2271 1363 2331 genera
1471 2295 1472 2310 τ

260 2351 365 2412 lectori
378 2355 416 2413 ob
431 2353 534 2414 oculos
548 2373 667 2433 ponam,
687 2373 747 2434 quo
759 2353 877 2430 ⁴clarius
900 2363 931 2414 et
951 2352 1069 2433 planius
1091 2369 1191 2411 eorum
1214 2359 1361 2420 naturam,
1471 2369 1472 2438 ρ

262 2447 467 2524 quantitatem,
486 2458 517 2507 et
537 2469 690 2509 numerum
703 2449 872 2528 perspiciat.
914 2449 947 2508 ln
964 2446 1114 2509 trochaico
1137 2445 1227 2525 igitur
1241 2463 1361 2524 genere,

261 2540 402 2602 trochaici
413 2545 574 2605 tetrametri
587 2545 693 2624 integri
707 2544 872 2624 exemplum
886 2543 945 2605 hoc
959 2553 1041 2604 esto:

312 2685 534 2750 Phormionem
545 2709 580 2748 .·:
591 2689 812 2753 Phormionem
820 2698 834 2768 ΙΙ
846 2689 1069 2752 Phormionem
1080 2715 1114 2756 :
1125 2691 1360 2754 Phormionem.

263 2830 330 2892 lloc
352 2842 399 2892 est
423 2833 630 2912 perfectissimi
656 2837 798 2898 trochaici
823 2838 984 2898 tetrametri
1012 2837 1197 2917 exemplum:
1234 2836 1362 2897 dirodina
1471 2887 1472 2912 2

261 2927 350 3002 enim,
365 2948 418 2989 seu
432 2941 526 2991 metra
539 2932 646 3010 quibus
668 2942 798 3006 constet,
815 2943 886 2994 suut
906 2933 1006 2994 omniu
1029 2953 1066 2993 ex
1080 2933 1210 2995 trocheo
1223 2943 1256 2994 et
1270 2953 1361 3014 spon·

261 3021 339 3096 daeo,
362 3023 393 3082 id
417 3035 473 3096 est,
497 3045 535 3085 ex
562 3027 686 3104 epitritis
714 3028 854 3090 secundis
877 3030 1016 3103 conflata,
1042 3051 1108 3110 quea
1132 3030 1219 3110 hujus
1245 3031 1361 3110 generis

262 3136 376 3178 summa
389 3119 455 3178 laus
477 3129 535 3180 est.
575 3122 729 3184 Trocbeici
752 3125 830 3185 enim
855 3127 971 3205 generis
995 3127 1144 3206 proprium
1169 3137 1225 3200 est,
1248 3138 1282 3186 ut
1305 3137 1361 3187 tro·

260 3211 363 3273 chaeur
377 3213 417 3272 sit
430 3213 460 3272 in
474 3215 549 3276 locis
571 3217 742 3298 imparibus,
757 3221 817 3282 sire
836 3221 864 3280 in
879 3223 974 3304 priore
997 3224 1082 3284 metri
1096 3233 1198 3305 parte:
1220 3223 1251 3287 iu
1266 3223 1360 3284 altere

260 3326 329 3367 vero
344 3308 518 3390 spondaeum
532 3312 580 3372 vel
595 3315 738 3393 spondeo
752 3335 864 3395 parem,
877 3327 911 3377 ut
924 3318 1007 3398 prius
1021 3319 1093 3392 dixi,
1114 3317 1208 3392 malit,
1222 3339 1260 3378 oe
1275 3319 1359 3397 justo

260 3403 351 3465 levior
364 3413 395 3467 et
408 3407 541 3468 mobilior
554 3409 604 3472 sit.
645 3411 734 3475 Hunc
748 3433 865 3474 versum
885 3414 1032 3496 integrum
1046 3415 1117 3490 dixi,
1132 3415 1273 3495 quoniam
1288 3433 1364 3474 con*

259 3509 320 3562 stat
333 3521 369 3564 ex
384 3511 510 3580 quatuor
531 3507 632 3569 metris
655 3509 716 3570 sire
732 3509 869 3572 herodiare
891 3510 1012 3590 integris
1025 3530 1033 3578 r
1055 3509 1135 3591 quod
1150 3529 1244 3590 genus
1259 3508 1358 3570 Graeci

259 3601 453 3673 drerdltprror
467 3601 576 3676 dixere,
601 3614 635 3664 ut
648 3605 849 3686 distinguatur
864 3609 902 3669 ab
917 3608 994 3682 aliis,
1017 3609 1047 3668 in
1062 3608 1169 3688 quibus
1183 3608 1301 3686 aliquid
1313 3606 1359 3666 vel

259 3693 370 3771 delicit,
383 3697 431 3757 vel
444 3710 574 3778 superat.
617 3699 650 3758 Si
663 3721 766 3762 versus
781 3721 842 3762 uua
856 3704 973 3784 syllaba
994 3712 1162 3764 excurreret
1181 3701 1261 3762 ultre
1276 3703 1359 3762 debi-

258 3801 320 3852 tem
342 3795 504 3854 tetrametri
527 3815 706 3867 mensuram,
728 3799 969 3874 ὐτορκατάληπον
983 3799 1102 3868 direre;
1128 3798 1153 3858 si
1167 3819 1227 3859 uns
1243 3798 1361 3878 syllaba

259 3885 409 3962 deficeret,
424 3893 641 3964 καταληκτικὸνι
663 3892 688 3952 ei
702 3893 778 3972 pede
792 3893 919 3974 integro,
933 3894 1216 3976 βραχοτατάληιτον.
1260 3896 1360 3974 Atque

258 3981 323 4046 haec
336 3987 484 4048 vocabula
505 3989 601 4048 Latini
616 3989 656 4048 rei
677 3990 807 4051 metricae
822 3991 979 4070 scriptores
993 4011 1050 4051 sua
1063 3992 1152 4052 etiarn
1167 3991 1276 4060 secere,
1291 4010 1360 4050 cum
1471 3991 1472 3994 ’

258 4080 355 4140 verbis
370 4103 386 4142 e
402 4085 486 4142 Latio
510 4083 615 4144 sumtis
637 4103 737 4145 eorum
751 4087 809 4146 vim
822 4087 903 4149 baud
923 4107 1008 4167 seque
1022 4085 1178 4148 commode
1196 4086 1360 4166 exprimere
1471 4121 1472 4164 ρ

258 4175 417 4255 potuerint.
461 4178 501 4240 Ut
513 4177 601 4258 hujus
616 4191 715 4246 cutem
729 4201 831 4246 versus
852 4197 987 4248 naturam
1002 4195 1033 4248 et
1045 4193 1230 4250 venustatem
1251 4182 1361 4244 intelli·
