2958 4892
463 402 511 450 ιιι
534 401 684 452 oorrroro
706 403 902 456 ιιιιιιιιι.
1157 397 1222 464 179

136 541 189 602 Uiri
202 552 347 604 temeret
370 541 503 620 διαίρεσις
522 565 588 606 erre
608 555 706 626 potest
726 547 863 608 dictionis
884 547 953 627 ‘qui
965 548 983 608 r’
1003 557 1036 612 ut
1059 561 1090 611 ιι
1110 551 1139 614 io
1160 553 1218 615 hoo

136 657 216 698 verro
227 657 236 697 ι

258 739 300 799 Ar
312 745 416 797 contro
427 757 495 816 quae
510 757 608 798 amora
622 749 710 818 atque
725 757 829 820 aspero
842 759 966 820 cumque
978 743 1123 806 ridentur.

137 869 171 926 Et
183 865 262 946 opud
272 843 427 924 Horatium
442 883 555 924 rursum
569 865 621 924 lib.
634 885 688 925 ιιι.
711 866 810 927 Corn.

291 978 358 1036 Jern
371 977 464 1036 virum
477 987 604 1055 expertae
618 977 694 1038 mole
708 978 845 1038 ominatir

526 1071 642 1136 Parcite
658 1074 765 1134 verbio.

136 1196 170 1254 Et
182 1197 317 1256 Sermon.
331 1193 382 1254 lib.
398 1213 421 1256 1.
444 1193 541 1255 Sotira
550 1197 581 1255 9.

289 1307 321 1366 Si
336 1325 382 1366 me
395 1325 487 1378 omar,
500 1307 605 1385 iuquit,
620 1306 738 1386 paulurn
753 1309 801 1368 hio
814 1309 896 1372 odeo.

132 1436 199 1495 Item
213 1455 282 1496 orrm
295 1435 435 1496 retinetur
448 1436 533 1496 litero
545 1457 584 1509 m,
609 1441 799 1508 ἁνὲκθλιπτοι,
815 1449 877 1500 tum
891 1439 1006 1502 collisio
1031 1443 1140 1502 usitato
1154 1442 1214 1504 fieri

134 1551 187 1591 non
197 1541 310 1623 potest,
324 1542 377 1590 ut:

289 1643 513 1722 insigniorem
527 1655 588 1706 tum
602 1645 693 1706 millio
705 1647 829 1710 militum
844 1657 922 1708 octo.

134 1757 171 1814 Ur
184 1755 325 1816 Horoiiur
338 1773 346 1813 :

367 1849 417 1910 Nil
430 1859 564 1932 oporteot
576 1859 606 1910 te
620 1851 791 1932 circumagi.

132 1945 242 2006 Locret.
257 1945 310 2004 lib.
323 1963 377 2006 ιιι.

242 2039 379 2117 Namque
393 2058 571 2119 papaverum
584 2059 656 2102 euro
668 2051 768 2122 potest
781 2060 936 2122 suspense,
950 2039 1090 2122 ierirque.

130 2137 166 2196 Et
178 2137 252 2198 libro
267 2155 293 2196 ι.

366 2233 527 2312 Corporum
541 2231 571 2290 in
585 2232 705 2311 plumbo
720 2241 777 2292 eri.

129 2325 164 2386 Et
176 2346 294 2388 rursus:

365 2421 437 2482 Plus
450 2421 481 2480 in
495 2439 527 2480 oe
540 2439 693 2500 corporum
706 2440 781 2481 erre.

129 2515 164 2576 Et
175 2535 241 2577 mox
254 2537 262 2577 :

363 2611 524 2690 Corporum
539 2610 659 2690 augebit
674 2631 835 2673 numerum.

127 2705 162 2766 Et
175 2705 266 2786 poulo
279 2715 368 2786 post:
474 2695 477 2704 '

404 2801 567 2886 Corporum
581 2809 669 2880 etque
683 2801 749 2860 loci.

127 2913 163 2974 Et
174 2933 288 2977 rursum
301 2911 354 2973 lib.
369 2931 424 2972 ιιι.

400 3004 460 3065 Sed
474 3004 543 3066 dum
557 3005 643 3064 abest
655 3001 735 3084 quod
750 3020 878 3063 oremus.

125 3101 161 3160 Et
173 3101 246 3162 libro
262 3121 300 3162 rr.

400 3195 562 3274 ceteraque
576 3213 643 3254 oum
657 3193 699 3252 ito
713 3201 791 3252 runi.

125 3294 161 3354 Er
173 3293 249 3353 hoc:

401 3385 478 3446 Nam
491 3384 574 3464 quod
586 3383 727 3444 fluvidum
740 3393 796 3450 ert.

120 3533 217 3611 Atque
241 3532 329 3592 etiam
350 3529 494 3590 vocalium
518 3547 692 3588 concursum
717 3536 748 3587 et
773 3526 1013 3610 commotionem,
1035 3527 1207 3606 interponito

120 3627 203 3686 iitera
217 3627 247 3700 d,
262 3626 483 3705 prohibuerunt.
519 3625 603 3684 Siout
615 3626 662 3683 inr
676 3623 774 3696 redeo,
788 3622 938 3694 redhibeo,
951 3621 1106 3700 redarguo,
1120 3621 1208 3681 redo·

118 3721 174 3795 leo,
187 3721 348 3793 reduncur,
373 3731 403 3779 et
415 3721 446 3778 in
461 3719 583 3778 diversio
597 3717 793 3778 dictionibus:
815 3717 964 3796 medergo,
980 3715 1086 3776 tedhoc
1100 3717 1205 3775 noctis.

119 3818 164 3876 Ito
177 3817 277 3896 iongoe
291 3815 349 3875 iliae
364 3827 494 3888 manent,
519 3815 544 3874 ιί
565 3827 670 3873 natura
691 3813 788 3892 ioogae
813 3822 892 3872 sunt.
935 3811 982 3868 Do
1003 3810 1049 3869 hio
1074 3810 1209 3890 exemplo

117 3913 254 3994 quoedam
269 3911 407 3972 Plautina
431 3911 595 3990 promiscue
618 3929 736 3989 ponam,
757 3926 854 3988 pauor
874 3904 925 3964 illo
946 3903 1075 3982 quidem,
1100 3903 1152 3964 red
1168 3905 1205 3968 do

114 4009 221 4090 quibus
237 4007 346 4068 similer
361 4007 418 4068 loci
431 4005 517 4066 facile
533 4005 672 4084 explicari
692 4021 779 4083 poure
792 4001 965 4062 videantur:

189 4134 263 4198 Jom
276 4134 307 4194 hi
323 4135 408 4195 ambo
422 4143 453 4195 et
467 4151 568 4198 rervur
583 4131 698 4195 ethera
711 4131 819 4194 irortro
833 4139 901 4190 runt
915 4127 987 4190 duo.
1116 4153 1119 4160 ⁴
