2948 4890
396 417 444 466 nn
467 413 619 466 contrusa
644 413 957 467 urrrsnsronrsus.
1155 401 1219 468 lat

126 557 233 618 laisum
248 565 329 618 essct
352 557 392 616 ibi
414 557 540 636 positam
565 553 682 634 pedem,
705 553 845 634 quoniam
860 556 1013 617 feriretur:
1034 554 1087 616 aad
1108 567 1220 632 curua,

127 673 223 713 verum
238 662 330 724 esset,
344 651 384 711 ibi
399 652 486 723 leniri,
508 653 646 731 quoniam
659 669 712 731 pes
727 663 895 729 poneretur.
936 653 978 713 At
990 651 1047 712 hoc
1062 654 1220 732 quaerimus

128 769 205 809 nnnc
221 767 287 820 nos,
311 766 400 827 qnam
416 749 455 808 ob
473 767 593 808 causam
607 747 646 806 ibi
669 747 784 826 positus
798 745 847 808 iit.
889 747 1047 820 Praeterea,
1060 748 1086 807 si
1099 767 1136 808 ea
1147 749 1221 809 ratio

127 853 182 915 eat,
195 841 346 923 quomodo
371 843 520 902 constabit
539 842 569 900 iu
589 841 757 914 trochaicis,
777 844 827 921 qui
849 842 959 904 ibidem
982 843 1148 904 ierinnturi
1180 845 1222 902 Ut

128 940 215 1018 igitur
227 937 402 1018 quaestionis
415 937 558 996 rationem
572 933 652 1015 apud
675 953 729 996 nos
744 947 893 1015 putemus,
906 937 1103 1018 intelligamus
1115 957 1221 1000 secun·

128 1035 198 1094 dnm
226 1035 379 1094 verborum
408 1033 604 1094 inventionem
626 1051 703 1104 esse,
731 1043 765 1092 ut
787 1051 806 1092 a
830 1031 928 1113 longis
950 1032 1134 1114 incipiamus,
1147 1043 1178 1095 et
1191 1035 1221 1094 in

128 1131 229 1188 breves
242 1127 435 1188 deducamur.
477 1127 566 1198 Nam,
590 1145 761 1205 quanquam
783 1128 878 1188 brevis
900 1127 1015 1208 syllaba
1039 1139 1145 1189 natura
1167 1147 1223 1190 sua

129 1225 204 1304 prior
217 1235 275 1294 est,
300 1241 388 1304 quam
412 1224 513 1302 longa,
536 1223 646 1302 quippe
671 1223 830 1304 simplicior
852 1235 918 1284 est:
944 1235 1042 1285 tamen
1066 1243 1117 1303 per
1139 1225 1223 1286 initis

129 1321 329 1380 inventionum
344 1321 560 1380 cunctabantur
574 1318 720 1396 primum:
741 1339 808 1398 quae
824 1320 899 1379 ratio
915 1329 971 1390 est,
985 1329 1019 1378 nt
1032 1337 1136 1382 vocum
1148 1321 1222 1383 lines

131 1419 158 1476 in
183 1416 422 1497 pronuntiatione
435 1417 638 1476 obscurentur.
682 1414 727 1473 lta
754 1415 832 1476 enirn
854 1414 1023 1475 meditantis
1046 1427 1077 1475 et
1095 1417 1225 1480 consulti

131 1513 218 1573 animi
240 1511 422 1592 suspendere
435 1531 548 1586 vocem,
573 1531 632 1572 non
647 1512 840 1592 praecipitare.
890 1509 1087 1580 Quamobrem
1107 1521 1169 1572 tam
1192 1514 1224 1573 in

131 1609 274 1678 versibus,
288 1627 378 1686 quarn
392 1609 421 1666 in
437 1625 525 1686 prosa
538 1609 681 1680 oratione,
700 1616 912 1688 postremarum
931 1605 1109 1686 syllabarum
1122 1607 1224 1670 babits

130 1703 204 1763 ratio
219 1713 267 1763 eat
282 1704 374 1764 uuila.
423 1703 598 1764 Troclraeum
618 1705 707 1783 igitur
732 1703 926 1782 antiquiorem
950 1703 1042 1764 luisse
1065 1701 1178 1778 iambo,
1193 1713 1225 1766 et

131 1797 282 1879 dactylum
307 1809 459 1880 anapaesto
482 1817 536 1878 par
560 1807 617 1859 est.
659 1798 739 1878 Ergo
762 1798 942 1858 trochaicum
962 1817 1077 1858 versum
1099 1799 1224 1860 iambico

132 1895 267 1974 priorem.
301 1893 412 1966 Quare,
426 1913 493 1954 cunr
514 1895 616 1974 primae
629 1913 754 1974 qumque
767 1893 855 1954 sedes
868 1894 1001 1955 trocheo
1014 1895 1120 1955 luerint
1134 1913 1225 1975 pecu·

132 1989 230 2062 liures,
245 1989 347 2050 alterae
361 1990 403 2048 illi
418 1989 529 2051 relictae
544 2001 625 2051 sunt.
660 1991 823 2064 Praeterea,
837 2009 904 2052 cum
918 1991 1066 2052 nucleus
1078 2001 1159 2054 esset
1171 2009 1224 2071 pes

132 2085 278 2158 volubilis,
293 2087 393 2146 statim
408 2105 474 2148 sese
496 2087 622 2167 ingessit
632 2087 660 2147 in
676 2107 801 2149 versum.
831 2087 950 2146 lembus
965 2097 1063 2148 autem
1075 2099 1226 2168 grassator

133 2179 180 2240 ille
199 2180 278 2241 idem
310 2181 390 2254 fecit,
417 2182 497 2262 quod
523 2183 661 2242 civilibus
689 2183 718 2240 iu
745 2183 831 2242 rebus
854 2181 986 2259 plurimis
1007 2181 1225 2242 consuevimus.

135 2276 167 2334 ln
181 2277 315 2335 oratione
328 2277 402 2354 ipsa,
416 2287 449 2335 ut
463 2277 612 2357 principiis
624 2277 721 2356 gravis
736 2295 771 2337 ac
782 2276 886 2337 sedata
900 2277 950 2349 sit,
963 2295 1094 2356 pugnam
1108 2295 1225 2356 qnoque

134 2373 250 2432 cautius
264 2371 473 2452 aggredimur:
495 2383 557 2431 tum
580 2372 633 2432 illa
645 2373 769 2432 incitata
783 2371 965 2434 effervescit:
996 2372 1038 2432 sic
1057 2371 1096 2430 ad
1118 2371 1226 2433 saltum

134 2468 182 2526 ubi
204 2485 411 2534 comparamus
434 2485 501 2540 uos,
526 2467 629 2527 lortius
650 2467 757 2547 pedem
776 2468 903 2548 ligimus,
927 2477 961 2528 at
983 2467 1112 2529 statariae
1135 2487 1226 2529 moras

134 2564 275 2643 majorem
290 2564 429 2644 impetum
444 2565 646 2644 subjiciamus.
677 2565 728 2625 Sic
743 2563 927 2638 Aristotelea,
940 2565 1069 2625 omniurn
1084 2565 1227 2625 bonarum

136 2661 241 2720 artium
257 2659 406 2734 dominus,
429 2671 541 2720 motum
555 2679 672 2720 ornnem
691 2661 748 2721 sub
767 2661 855 2721 linem
869 2679 936 2722 esse
950 2660 1085 2742 probavit
1097 2662 1228 2720 concita·

135 2755 247 2817 tiorem.
291 2756 337 2815 lta
350 2757 503 2836 proposito
516 2756 670 2835 spondaeo,
684 2767 715 2816 et
727 2755 836 2828 iambo,
850 2757 942 2815 satius
952 2756 1008 2815 iuit
1022 2754 1129 2814 abhoc
1143 2754 1225 2816 illum
1327 2791 1332 2802 ·

136 2853 240 2931 excipi.
297 2852 444 2914 Praeterea
466 2851 669 2914 recentissima
694 2867 812 2928 quaque
840 2849 979 2910 memoria
1006 2849 1067 2909 iere
1093 2849 1229 2911 metimur

135 2949 213 3028 ipsas
225 2968 291 3008 res:
313 2967 404 3028 quare
423 2949 576 3028 assignata
599 2949 692 3030 prima
713 2945 785 3006 sede
805 2945 967 3018 trochaico,
989 2945 1092 3004 ultima
1111 2963 1229 3026 quoque

138 3045 304 3104 necessario
318 3045 449 3106 trochaeo
474 3045 583 3104 linitur.
625 3043 701 3110 Quae
725 3040 822 3113 sedes,
844 3041 967 3122 primam
992 3040 1071 3114 dico,
1095 3043 1121 3101 si
1143 3041 1230 3102 iambi

137 3141 251 3214 fuisset,
266 3142 295 3199 iu
310 3141 414 3202 ultima
429 3142 554 3202 iambum
571 3139 683 3199 nullum
697 3139 889 3198 haberemus:
911 3155 1001 3210 nunc,
1019 3145 1053 3196 ut
1070 3137 1099 3196 in
1124 3155 1160 3198 ea
1180 3137 1231 3200 ille

137 3237 185 3308 sit,
206 3257 296 3316 pares
319 3235 407 3299 dedes
432 3239 474 3298 illi
501 3235 695 3298 attribuendae
718 3237 818 3296 uere:
857 3247 892 3294 ut
915 3233 1117 3295 recentissimo
1146 3251 1230 3307 sono,

137 3335 244 3414 quippe
255 3335 428 3408 novissimo,
442 3353 526 3394 aures
538 3343 736 3413 spectatorum
745 3341 930 3410 caperentur.
958 3329 1082 3398 Quande
1096 3331 1231 3391 universa

140 3449 171 3489 re
185 3431 314 3492 dicenda
328 3439 423 3504 erant,
436 3431 496 3491 iere
516 3431 617 3501 habes,
632 3428 732 3509 Sylvi:
764 3445 855 3506 quare
875 3426 1015 3505 deinceps
1039 3426 1077 3486 ad
1102 3445 1149 3498 ea,
1163 3445 1230 3505 qum

138 3527 334 3608 particulatim
361 3527 569 3588 animadversa
591 3535 670 3596 sunt,
694 3523 920 3584 descendamus.
962 3519 1059 3602 Atque
1083 3521 1231 3600 equidem,

138 3635 174 3683 ut
187 3645 254 3684 sese
270 3623 404 3695 oll'ereut,
418 3623 461 3683 ita
474 3643 510 3684 ea
524 3623 698 3682 describam.
741 3619 787 3679 Sit
806 3637 877 3698 ergo
891 3617 972 3697 quod
992 3615 1076 3678 affert
1089 3619 1126 3676 ab
1141 3615 1231 3676 adet-

137 3719 226 3798 pbico
241 3739 346 3780 versu:
367 3721 466 3789 ‘Quid
478 3721 504 3780 is
518 3718 610 3780 ieciti
630 3715 701 3797 quid
716 3715 765 3776 ille
778 3713 903 3776 iecerit?
917 3732 1004 3792 quem
1017 3731 1111 3791 neque
1121 3711 1232 3791 pudet!

139 3815 304 3876 Cameninr
320 3825 496 3894 agnosceret
510 3815 666 3884 aenariam,
692 3829 787 3890 neque
810 3811 951 3869 rationem
976 3807 1047 3866 inire
1071 3807 1233 3887 possetdi·

138 3911 337 3984 mensionum,
359 3913 481 3972 abstulit
503 3911 622 3972 alteram
645 3927 682 3968 ex
706 3905 825 3984 liquidis
850 3907 879 3963 in
904 3902 1084 3982 pronomina,
1106 3901 1172 3962 ille:
1199 3903 1232 3964 id

138 4007 218 4086 quod
228 4019 270 4067 'ut
292 4027 347 4087 ego
361 4029 480 4090 quoque
496 4009 599 4079 fateor,
621 4019 651 4066 et
665 4023 764 4085 posse,
789 4013 820 4062 et
835 4001 929 4061 solere
943 3999 1024 4059 fleri:
1056 3999 1097 4058 ita
1109 3998 1158 4058 hic
1171 3999 1231 4060 duo

136 4101 216 4162 dico.
260 4103 401 4176 Primum,
416 4107 453 4166 ab
467 4123 503 4164 eo
525 4104 663 4164 creticum
686 4111 792 4179 quarta
813 4099 842 4158 in
858 4095 928 4156 sede
944 4115 1009 4156 esse
1022 4095 1231 4156 coustitutum:

136 4217 226 4277 quem
242 4209 340 4258 tamen
367 4199 473 4278 pedem
495 4199 571 4261 adeo
595 4197 755 4267 evitaverit,
777 4205 810 4254 ut
824 4193 960 4254 everterit
973 4191 1074 4252 multa.
1118 4191 1233 4252 Deinde
