3012 4892
594 421 803 474 rnurrrro.
1202 411 1244 476 ll

141 565 267 632 Visum
281 565 388 650 igitur
398 565 461 630 suit
471 565 676 644 iaciendum,
687 572 724 632 ut
738 567 782 632 ed
799 567 1074 651 utrumqneilium
1083 563 1245 638 Codicum

142 675 177 734 et
200 668 355 751 vulgatus
380 666 554 732 Editioues
575 667 758 751 exigerem,
779 676 826 747 et,
850 687 927 754 quer
950 672 994 736 ub
1020 670 1072 734 bis
1097 671 1245 751 uberent,

143 769 222 834 inde
237 769 502 834 transcriberem.
546 769 679 848 Fateor,
694 770 750 835 rel
768 771 816 834 sic
831 771 937 835 multe
950 769 987 836 iu
1000 789 1042 836 ec
1056 789 1242 856 superesse,

145 892 220 956 quoe
234 872 401 938 medicem
415 891 547 938 menum
562 871 766 953 desideren13
788 873 847 938 sed
871 873 1150 958 qualemcumque
1177 873 1245 940 Eu·

145 973 318 1056 graphium
341 975 452 1053 edere,
475 995 577 1059 quum
600 975 724 1040 nullum
744 975 858 1052 melui,
880 975 1028 1040 maxime
1049 994 1127 1042 cum
1148 974 1245 1060 nujus

145 1073 289 1140 instituti
303 1077 369 1140 mei
383 1096 542 1156 summos,
566 1095 651 1160 quos
674 1077 822 1155 laudari,
838 1076 939 1142 Vires
962 1085 1117 1144 unctores
1139 1075 1245 1148 hobe-

146 1194 233 1256 rem3
255 1183 301 1255 ut,
316 1179 346 1242 si
360 1181 443 1244 tenti
466 1187 523 1244 est
547 1179 768 1262 Eugrepbius,
791 1178 1017 1246 Eruditiorum
1037 1178 1243 1262 conjecture

147 1285 182 1344 et
195 1281 417 1346 emendationi
431 1282 527 1348 locus
537 1289 640 1346 esset
662 1279 751 1360 Qum
768 1282 843 1368 ipre
854 1301 1085 1366 nonuunquam
1101 1285 1244 1368 aspersi,

147 1379 272 1446 leviore
298 1390 387 1462 suut,
416 1403 518 1468 quem
545 1402 622 1468 qure
650 1403 852 1470 magnopere
881 1384 1013 1448 leudnri
1041 1390 1243 1452 mercentur.

147 1481 266 1566 Neque
280 1486 370 1550 enim
385 1486 617 1570 perpurgsndo
631 1486 682 1552 ilii
696 1485 818 1570 Augim
833 1486 966 1552 stabulo
986 1486 1092 1552 otium
1115 1505 1243 1570 suppe-

147 1585 253 1650 tebet.
297 1585 385 1652 Cum
400 1590 488 1653 enim
502 1588 597 1654 nullo
611 1589 805 1656 discrimine
818 1588 1020 1654 Terentiano
1039 1587 1244 1674 Eugrupbie·

147 1687 199 1752 nis
220 1689 322 1754 mista
342 1691 591 1776 corruptissime
615 1691 815 1774 legerentur,
838 1691 883 1756 iis
905 1695 1084 1772 utcumque
1110 1691 1245 1756 conciu-

147 1789 372 1858 audissetis
397 1793 620 1860 molestiarum
643 1793 897 1878 profligandum,
913 1791 998 1856 setis
1024 1791 1118 1856 taedii
1141 1791 1243 1858 derc-

148 1889 283 1957 rendum
297 1893 371 1958 fuit.

190 1993 244 2058 De
257 1995 370 2061 verbis
384 2002 495 2064 nutem
514 1997 625 2081 ipsine
645 1997 804 2076 Terentii,
818 2015 860 2062 eu
881 1997 1028 2062 maxime
1051 1995 1095 2062 ud
1120 1994 1243 2072 Fadmi

148 2093 334 2162 diditionem
349 2098 507 2180 exbibui;
529 2119 597 2166 non
613 2099 662 2164 itu
675 2107 796 2178 nmen,
811 2105 862 2176 ut,
885 2099 945 2164 ubi
960 2099 1049 2164 rutio
1064 2097 1241 2164 manifesto

148 2197 239 2262 atiud
260 2199 404 2264 sundere
425 2200 609 2278 ridebatur,
629 2219 800 2284 uunquam
821 2219 921 2266 secus
946 2199 1119 2282 legendnm
1144 2199 1242 2264 eden·

147 2295 269 2364 dumus
284 2301 559 2366 existimaverim.
603 2301 658 2366 Ne
672 2303 748 2385 quis
762 2301 888 2379 medat,
910 2321 964 2366 me
979 2301 1113 2386 Gnyeti,
1138 2300 1242 2368 Codi-

147 2419 205 2466 ccs
222 2401 309 2467 diss.
322 2403 445 2486 quibus
460 2423 544 2468 usus
556 2410 607 2468 est
622 2401 781 2479 Faernus,
806 2402 849 2468 ed
866 2401 953 2468 Heu.
971 2420 1011 2467 ιι.
1021 2404 1054 2468 2.
1069 2404 1122 2468 lt'u
1138 2405 1242 2497 sugil-

148 2501 259 2582 lanus,
274 2507 470 2570 euetmitute
483 2513 613 2572 motum
627 2525 648 2570 u
661 2507 749 2572 tenti
763 2503 839 2570 Viri
852 2505 995 2572 lectione
1008 2523 1243 2590 nonnunquam

149 2606 343 2670 recessisse.
387 2605 455 2684 Qui
469 2625 551 2672 vero
564 2625 584 2672 e
597 2613 666 2674 tem
684 2606 800 2690 grandi
822 2607 1123 2672 vetustissimorum
1138 2603 1242 2673 codi-

150 2723 241 2784 cum,
254 2713 390 2792 tumque
412 2708 510 2774 varin
532 2709 746 2774 confusorum
762 2727 920 2774 versuum
943 2707 1105 2774 variuate
1128 2727 1242 2774 verum

149 2813 185 2874 ut
198 2809 374 2890 genuinum
388 2809 571 2894 aliquunde
594 2809 787 2875 Terentium
812 2811 910 2874 nobis
933 2809 1073 2874 daturus
1090 2816 1156 2885 est,
1177 2827 1242 2888 ure,

149 2908 181 2972 ie
195 2927 339 2992 mugnus
355 2907 480 2993 Apollo
494 2911 605 2976 suerit.
646 2909 722 2976 Nec
738 2910 920 2975 Bembiuns
929 2909 987 2974 ille
1002 2908 1114 2988 Liber,
1128 2927 1242 2993 quern·

149 3009 229 3074 libet
242 3011 347 3094 prisci
362 3012 439 3090 mvi,
462 3031 594 3096 semper
616 3011 702 3076 sutis
720 3010 834 3096 placer
854 3009 1000 3076 Feiimo.
1044 3007 1135 3088 Quid
1151 3011 1242 3094 quod

149 3107 308 3196 Gnyetus
324 3113 368 3178 ed
381 3112 464 3180 Eun.
482 3131 521 3178 rr.
534 3114 567 3179 2.
581 3115 635 3179 2⁰.
657 3113 878 3180 Terentianus
904 3112 1052 3178 Fubuine
1067 3111 1142 3197 jem
1164 3121 1242 3180 unte

149 3209 324 3278 Ciceronis
332 3223 480 3293 mntem,
492 3215 528 3280 id
543 3221 608 3294 est,
619 3215 772 3300 proxime
784 3213 931 3279 Terentii
940 3213 1242 3299 obitum,interpo-

149 3312 235 3382 hus
249 3323 286 3380 et
300 3314 502 3398 depravetur
516 3317 619 3383 tuisse
632 3317 770 3382 censett
805 3315 1053 3402 Quodcumque
1064 3317 1175 3396 fuerit,
1186 3317 1243 3384 Gi-

151 3435 315 3495 ceronem,
336 3437 403 3483 uon
422 3419 520 3501 longe
539 3419 625 3486 udeo
643 3439 666 3485 e
678 3419 827 3486 Terurtii
852 3426 958 3486 ctare
976 3425 1150 3496 remotum,
1173 3437 1244 3484 cor·

149 3527 249 3604 rupto
258 3519 332 3604 jum
348 3521 507 3604 exemplo
521 3541 618 3588 nsum
630 3543 718 3602 esse,
731 3543 809 3590 vero
825 3522 1002 3588 admodum
1017 3521 1054 3588 tit
1068 3521 1186 3588 simile.

193 3621 327 3686 Gnoses
338 3622 535 3704 ignorantie
545 3624 690 3690 metricre
703 3623 866 3708 inprimis
880 3625 1037 3690 obolitum
1047 3623 1169 3691 Romoe
1180 3625 1243 3690 rub

150 3725 306 3805 Augusto
321 3725 537 3809 antiquitatis
557 3727 752 3792 memorium
765 3735 866 3796 vocet
886 3729 922 3794 in
944 3727 1086 3793 Seuerio
1104 3745 1166 3792 suo
1189 3725 1241 3794 Cl.

150 3823 228 3891 Gbr.
243 3824 398 3904 Wusius,
410 3826 640 3910 ngicosque
650 3827 754 3911 juxte
766 3849 807 3895 ec
823 3829 983 3896 Comicus
998 3833 1125 3894 veteres
1135 3827 1242 3894 Bibli-

150 3927 279 3994 otirecis
293 3928 329 3992 in
343 3927 436 3994 Urbe
459 3929 606 4012 publicis
621 3929 792 4014 dejectos3
813 3931 950 4014 quuudo
973 3928 1140 3996 Auctoree
1165 3947 1243 3996 veru

150 4027 274 4095 benere
286 4029 462 4098 iruudutos
476 4031 581 4104 denno
602 4031 786 4099 describere
809 4051 920 4118 operte
932 4032 1077 4118 pretinm
1089 4049 1160 4096 non
1172 4030 1243 4097 iue-

151 4131 194 4198 rit
205 4132 379 4198 Librariis.
414 4134 483 4199 Sed
495 4154 571 4200 eum
586 4155 647 4202 nec
663 4135 805 4214 Lucilio,
821 4132 940 4217 Magni
951 4133 1108 4218 Pompeii
1118 4151 1240 4217 magno

152 4235 328 4314 munceio,
342 4244 546 4320 pereeretur,
566 4257 643 4306 oum
657 4255 678 4302 e
690 4235 724 4308 N
726 4255 792 4302 ovs
807 4235 914 4304 Podsi
926 4235 1022 4302 lbmii
1037 4235 1240 4320 sterquilini-
