3012 4892
592 436 797 486 erassum.
1200 423 1244 490 13

144 593 333 666 nunquam3
356 583 387 646 is
408 601 497 660 vero,
513 583 542 647 si
558 581 728 668 Guyetum
743 581 787 646 ad
809 579 896 646 And.
910 597 960 646 ιιι.
977 582 1008 646 l.
1020 580 1053 646 8.
1074 581 1243 664 audimus,

144 685 361 749 rei-metricae
383 683 484 768 plane
508 685 679 768 imperitus
701 685 772 750 luit.
816 683 895 750 Jam
918 704 998 750 vero
1025 683 1177 750 Muretus
1198 687 1242 752 ad

145 784 232 848 And·
250 802 308 852 ιιι.
324 787 400 851 21.
424 786 530 850 ‘Sunt
548 787 603 852 hic
620 786 767 871 aliquot‚’
792 787 910 870 inquit,
936 791 1086 864 ‘versus
1102 807 1244 871 quorum

145 886 389 954 dimensionem
411 889 582 971 explicare
597 909 640 953 ex
655 889 821 954 veteribus
842 889 953 953 Libris
974 908 1042 954 non
1066 891 1176 972 potui,
1197 909 1241 955 ex

144 989 278 1072 ingenio
292 988 406 1054 nolui.’
450 989 558 1068 Idem,
572 987 654 1054 V'ar.
671 991 766 1056 Lect.
785 1005 839 1054 111.
854 990 888 1055 3.
909 991 1093 1068 existimat,
1117 989 1242 1056 Histri·

145 1107 229 1154 ones
243 1092 278 1155 in
293 1092 476 1157 recitandis
492 1091 634 1156 Fabulis
657 1091 814 1176 quaedam
838 1092 882 1156 de
908 1112 970 1158 suo
995 1091 1178 1172 addidisse,
1204 1102 1243 1160 ut

144 1194 257 1258 oratio
280 1193 489 1277 quotidianae
514 1194 655 1258 similior
668 1193 851 1274 videretur;
875 1201 976 1279 atque
1003 1193 1083 1258 hinc
1105 1191 1263 1274 lactum,'

145 1302 189 1358 ut·
199 1312 319 1359 versus
333 1294 525 1360 Terentiaui
540 1313 635 1378 saepe
650 1295 824 1359 videantur
834 1301 939 1361 metro
954 1296 1118 1360 laborare.
1163 1295 1243 1362 l'al·

144 1395 272 1460 metius
293 1403 406 1462 autem
429 1397 473 1462 ad
497 1397 631 1462 Phorm.
648 1413 681 1460 u.
696 1399 728 1464 7.
744 1399 799 1462 77.
821 1417 939 1464 versus
962 1397 1128 1482 quosdam
1145 1398 1241 1482 justo

144 1495 283 1578 longius
296 1517 471 1564 excurrere
497 1504 623 1575 censet,
647 1517 716 1563 non
736 1499 810 1564 sina
833 1519 952 1583 magna
974 1501 1089 1584 mutia,
1104 1507 1142 1566 ut
1162 1503 1243 1568 talia

147 1606 244 1663 extra
258 1618 429 1664 numerum
444 1605 648 1664 censeantur.
693 1599 845 1666 Fae'rnus
871 1608 1023 1680 testetur,
1046 1622 1084 1668 se
1107 1621 1242 1669 versum

145 1700 281 1764 tertium
296 1705 331 1764 et
346 1701 553 1782 vigesimam,
569 1699 646 1766 Act.
664 1718 705 1766 ιι.
721 1701 777 1767 Sc.
792 1703 825 1767 3.
850 1703 1071 1781 Phormionis‚
1086 1709 1157 1769 tum
1171 1723 1242 1768 ver·

147 1819 224 1866 sum
247 1809 400 1885 quartum
421 1809 458 1868 et
479 1802 785 1886 quadragesimum,
809 1802 889 1870 Act.
903 1823 937 1868 v.
961 1806 1018 1870 Sc.
1033 1808 1067 1872 7.
1090 1805 1243 1889 eJusdem

147 1902 292 1968 Fabulae
305 1904 447 1987 pedibus
461 1905 569 1970 metiri
579 1924 647 1971 non
662 1925 772 1990 posse.
802 1904 873 1970 Alii
885 1907 927 1972 ad
943 1908 1009 1972 alia
1024 1907 1243 1973 adheserunt.

148 2005 270 2089 Neque
286 2005 327 2070 P.
343 2005 576 2088 Antesignani,
596 2007 736 2091 singulis
750 2009 904 2074 versibus
918 2015 1075 2094 tanquam
1089 2009 1244 2094 proprios

148 2107 252 2192 pedes
269 2109 313 2173 ad
328 2127 421 2173 oram
435 2111 647 2188 ascribentis,
662 2111 720 2175 sed
735 2112 818 2176 inter
832 2109 1005 2176 Erasmom
1021 2117 1055 2176 et
1066 2111 1100 2176 J.
1110 2109 1149 2175 G.
1159 2111 1243 2176 Sca·

148 2211 290 2294 ligerum
314 2229 445 2295 semper
460 2211 553 2278 dubii
576 2220 611 2277 et
624 2212 827 2292 fluctuantis,
851 2212 956 2278 nimia
978 2213 1151 2296 diligentia
1173 2231 1244 2278 rem

149 2314 233 2376 satis
247 2313 436 2396 expedivit.
479 2313 659 2378 ‘Profecto
675 2313 787 2394 tanta,'
809 2315 914 2379 verba
930 2321 1010 2378 sunt
1019 2315 1041 2380 J
1044 2333 1095 2380 ac.
1110 2313 1243 2378 Perian-

150 2415 196 2478 nii
219 2413 264 2479 ad
288 2415 403 2480 Sauct.
420 2415 504 2481 lllin.
528 2435 561 2499 p.
575 2417 652 2481 417.
677 2417 839 2482 ‘invaluit
852 2415 997 2494 licentia,
1024 2421 1060 2482 ut
1084 2415 1143 2481 vix
1167 2413 1244 2480 inde

151 2516 232 2598 quid
246 2523 339 2582 certa
353 2518 484 2582 ratione
497 2519 652 2602 probare,
667 2519 720 2584 vel
735 2517 874 2583 refutare
890 2515 1014 2602 queas!
1043 2518 1088 2584 Et
1101 2518 1142 2596 si,
1154 2515 1245 2602 quod

151 2605 213 2682 sua
222 2618 296 2702 jam
309 2626 412 2684 oetate
426 2619 560 2686 dicebat
573 2619 705 2699 Cicero,
729 2619 943 2686 Comicorum
960 2620 1091 2686 Senarii
1106 2625 1245 2703 propter

153 2721 403 2786 similitudinem
418 2723 578 2790 sermonis
593 2724 640 2788 ita
655 2723 778 2807 abjecti
794 2729 884 2800 sunt,
909 2729 947 2786 ut
961 2739 1197 2803 nonnunquam
1211 2719 1245 2782 in

150 2821 200 2886 his
228 2842 386 2888 uumerus
401 2831 436 2888 et
450 2843 566 2888 versus
590 2826 651 2888 vix
672 2823 817 2904 intelligi
841 2825 963 2905 possit,
988 2821 1082 2904 quid,
1109 2819 1243 2898 amabo,

152 2923 230 2988 aliis
261 2923 453 2990 Canninum
479 2926 664 3009 generibus,
684 2925 804 3008 quibus
829 2921 1008 2988 Comoedia
1036 2921 1156 2987 resarta
1181 2928 1244 2999 est,

152 3025 234 3090 fieti
294 3026 461 3092 Viderunt
496 3027 544 3104 id,
570 3027 630 3111 qui
644 3025 854 3110 temporibus
885 3023 1054 3088 Prisciani
1078 3031 1185 3088 metra
1211 3025 1246 3088 in

151 3127 300 3192 Terentii
315 3127 503 3194 Comoediis
517 3147 593 3192 essa
612 3133 781 3209 negarunt.
826 3125 1030 3210 Quanquam
1051 3126 1128 3209 quis
1152 3125 1186 3190 id
1211 3125 1245 3190 in

150 3229 342 3294 uniuersum
363 3228 604 3295 affirmaveritl
651 3227 772 3312 Neque
794 3235 907 3293 lamen
933 3245 1010 3292 oum
1035 3224 1246 3305 Quintiliano

151 3329 230 3418 plus
254 3331 369 3416 gratim
384 3331 554 3397 habituras
569 3330 674 3396 fuisse
689 3329 900 3407 crediderim,
915 3329 945 3394 si
959 3331 1174 3395 intraversus
1190 3331 1247 3394 tri-

150 3441 276 3498 metros
290 3433 471 3498 stetissent.
516 3433 630 3499 Gruve
646 3431 735 3496 euim
748 3431 880 3496 videtur
890 3429 1042 3513 judicare
1057 3429 1099 3494 de
1113 3428 1246 3513 judicio

150 3536 269 3600 talium
284 3533 454 3612 Virorum,
466 3535 511 3600 ad
524 3552 667 3618 quorum
682 3531 857 3598 scientiam
873 3552 949 3598 cum
962 3533 996 3596 in
1005 3531 1161 3608 Paelice,
1174 3539 1247 3596 tum

151 3637 183 3702 in
199 3637 310 3702 latini
327 3635 489 3702 sermonis
504 3636 681 3720 elegantia,
699 3639 869 3719 quotquot
895 3641 948 3699 tot
961 3633 1094 3718 quidem
1108 3631 1246 3698 saeculis

150 3738 342 3824 posthasca
359 3738 459 3803 Artes
475 3745 671 3816 tractarunt,
697 3736 752 3802 vel
775 3735 879 3800 etiam
900 3755 991 3801 nuno
1015 3739 1172 3809 tractant,
1187 3733 1247 3798 vix

149 3838 368 3923 comparandi
383 3847 472 3917 sunt,
484 3837 617 3923 nequid
633 3839 765 3922 gravius
781 3835 901 3900 dicam.
935 3836 991 3902 Ita
1005 3837 1105 3918 igitur
1118 3839 1246 3910 statuo,

150 3948 184 4008 et
197 3959 355 4006 arcanum
370 3937 463 4006 Artis
477 3939 629 4006 Metricae
640 3939 745 4020 prisci
760 3936 852 4002 illius
868 3937 935 4002 aeui
947 3935 1075 4002 dudum
1099 3951 1175 3998 esse
1192 3931 1248 3998 de·

151 4043 331 4128 perditum,
346 4047 381 4107 et
392 4061 509 4108 versus
523 4041 682 4108 comicos
702 4039 836 4105 omnino
850 4039 901 4103 ita
915 4037 1067 4121 abjectos
1079 4055 1120 4101 eo
1136 4035 1248 4102 consi·

151 4146 208 4223 lio,
224 4149 298 4210 uta
321 4163 475 4210 sermone
497 4145 625 4228 vulgari
648 4161 765 4228 parum
791 4145 848 4204 aut
877 4139 957 4204 nibil
983 4139 1122 4216 obirent,
1137 4156 1246 4220 eoque

152 4249 242 4314 haud
257 4267 333 4314 raro
348 4247 572 4316 miscerentur.
609 4247 724 4314 Vitam
740 4243 827 4309 euim
843 4241 962 4308 imitati
976 4243 1085 4309 soluta
1100 4240 1247 4306 oratione
