2948 4890
540 368 588 416 ns
609 369 660 417 'l'll
667 369 802 418 RATRO·
1171 359 1216 424 77

116 503 193 564 inter
207 522 240 565 se
255 503 427 580 dissimiles,
440 506 608 588 disparique
623 513 755 570 ratione:
776 511 897 589 tragicae
919 512 998 572 enim
1017 513 1218 576 deformantur

116 599 277 674 columnis,
292 601 432 682 fastigiis,
446 615 477 663 et
490 604 594 684 signis,
606 605 785 684 reliquisque
797 606 945 685 regalibus
957 608 1055 668 rebus.
1086 610 1217 672 Comicus

116 706 217 758 autem
242 698 435 760 aedificiorum
459 701 637 779 privatorum
661 714 692 761 et
716 702 916 762 menianorum
940 703 1051 764 babent
1077 707 1218 785 speciem,

116 804 354 874 prospectusque
381 796 516 856 fenestris
541 796 711 876 dispositos,
735 797 773 856 ud
801 797 992 859 imitationem
1020 805 1218 864 communium

117 889 323 951 aedilioiorum.
365 891 498 980 Satiriem
512 913 581 954 raro
596 906 738 954 ornentur
752 893 917 967 arboribus,
933 895 1093 975 speluncis,
1111 903 1219 958 montl-

117 987 185 1056 hus,
202 985 383 1066 reliquisque
398 989 563 1065 agrestibus
584 990 683 1059 rebus,
698 989 727 1047 in
742 989 856 1070 topiarii
866 990 963 1070 operis
977 994 1106 1070 speciem
1121 994 1219 1054 delor-

118 1081 218 1140 mutis.
263 1081 335 1142 Post
358 1103 478 1143 scenam
498 1083 634 1145 Porticus
648 1095 733 1144 erunt
746 1095 936 1156 constructae,
956 1106 1096 1165 quocum
1112 1089 1219 1151 imbres

117 1178 267 1254 repentini
282 1179 382 1239 Ludos
395 1179 665 1258 interpellaverunt,
679 1190 794 1240 actores
809 1199 841 1240 se
851 1180 1031 1259 recipiebant
1044 1203 1082 1242 ex
1096 1185 1221 1268 pulpito,

119 1282 171 1332 aut
185 1275 216 1332 iu
231 1277 340 1354 quibus
355 1278 479 1336 restium
504 1277 750 1337 commutationes
775 1285 806 1336 et
832 1295 1028 1356 personarum
1048 1279 1222 1342 indumenta

119 1369 368 1432 adservabantur.
409 1375 508 1452 Ipsum
537 1385 634 1434 autem
659 1393 850 1454 personarum
875 1376 1166 1452 repraesentationem
1191 1380 1221 1438 in

120 1483 222 1538 scena,
238 1479 329 1547 utque
349 1469 426 1530 adeo
438 1471 681 1550 compositionem
698 1467 871 1542 Comoedlse,
895 1469 993 1530 Graeci
1009 1471 1120 1532 Drama
1133 1493 1222 1535 roca·

121 1574 202 1624 runt.
244 1565 306 1624 Sed
321 1577 352 1626 et
366 1587 485 1628 scenam
499 1577 607 1627 vocant
622 1567 745 1638 Comici,
760 1565 901 1646 quicquid
927 1566 995 1626 dum
1014 1579 1066 1627 aut
1079 1579 1141 1630 tres
1155 1591 1223 1650 per·

122 1682 207 1722 sonae
221 1666 367 1723 sermonis
382 1663 488 1742 integri
502 1673 533 1722 et
546 1663 673 1722 absoluti
685 1662 906 1741 cdlloqunntur,
920 1663 1037 1741 illicque
1049 1664 1113 1724 linit
1123 1685 1223 1741 scena,

122 1761 171 1818 ubi
187 1769 241 1819 aut
256 1759 358 1838 aliqua
371 1777 500 1838 persona
518 1757 736 1839 introgredltur,
751 1767 804 1816 aut
817 1756 874 1816 alia
890 1756 928 1816 ad
950 1757 1056 1832 lorum,
1079 1769 1132 1820 aut
1155 1762 1224 1822 alibi

124 1853 161 1920 stl
175 1839 305 1916 ricinum
319 1855 419 1915 currit.
461 1856 555 1915 Actus
577 1865 675 1914 autem
698 1853 797 1933 plures
817 1871 923 1912 scenas
945 1855 1223 1934 comprehendebat.

125 1951 238 2030 Estque
253 1953 284 2010 in
310 1951 463 2011 Comoedia
484 1972 552 2031 pars
566 1950 785 2031 quodammodo
810 1948 947 2009 absoluta
964 1959 995 2009 et
1008 1952 1134 2031 integra,
1149 1973 1225 2013 non·

126 2049 194 2108 dum
210 2057 313 2106 tumen
327 2068 388 2106 rem
402 2067 518 2107 omnem
532 2049 656 2108 liniens:
678 2046 732 2107 sed
744 2049 786 2106 itu
800 2045 983 2106 dimidiatum
998 2045 1178 2128 relinquens,
1192 2059 1226 2108 ut

126 2146 273 2224 respirent
286 2157 480 2224 spectatores,
494 2155 524 2204 et
537 2143 652 2204 facilins
670 2153 877 2214 commutetur,
898 2141 1040 2220 quicquid
1062 2143 1091 2202 in
1106 2143 1225 2223 reliquis

127 2240 291 2301 Comoedioe
304 2242 438 2320 partibus
453 2251 605 2321 superest:
627 2240 658 2300 id
672 2253 769 2300 autem
782 2249 867 2298 actus
880 2247 1062 2298 commutare
1074 2237 1224 2300 dicebant.

128 2337 244 2397 luteres
258 2337 340 2396 mimi
354 2335 476 2396 dicteria
490 2347 520 2396 et
528 2335 658 2396 diverbia
668 2336 844 2408 referebant,
854 2333 1113 2414 recitabanturque
1124 2335 1226 2396 nescio

128 2453 195 2512 quse
214 2431 364 2512 jucunda,
386 2453 454 2511 quae
474 2433 615 2512 populum
630 2432 687 2492 ulia
700 2431 897 2492 oblectatione
910 2430 1071 2490 allicerent.
1114 2431 1148 2490 ln
1168 2431 1227 2490 Co·

129 2529 241 2588 moedia
253 2549 324 2588 vero
331 2528 430 2608 plures
439 2527 700 2606 erantbujusmodi
710 2537 807 2598 actus,
816 2523 980 2586 secundum
995 2525 1227 2604 reigruritutem,

130 2636 181 2684 aut
214 2625 371 2684 rationem.
422 2623 642 2684 comoediarum
675 2633 774 2682 antem
799 2620 933 2681 recitatio
969 2619 998 2679 in
1024 2639 1115 2680 scena
1141 2621 1228 2690 Actio

131 2721 304 2782 dicebatur:
328 2720 408 2780 unde
431 2720 520 2780 etiarn
546 2721 596 2800 qui
620 2719 760 2798 agebant,
785 2727 816 2778 et
838 2717 966 2776 Fuhulus
988 2717 1229 2793 pronuntiabant,

133 2819 257 2878 Antores
272 2817 354 2877 dicti.
396 2817 482 2876 Actio
496 2835 615 2896 quoque
629 2815 667 2874 ad
685 2813 826 2873 orationis
850 2809 1118 2890 pronuntiationem
1133 2819 1229 2870 uanu-

132 2915 242 2982 lartum
266 2913 400 2974 utetism
424 2912 596 2992 ipsaorutlo
620 2907 744 2970 rhetoris
768 2907 813 2967 rel
840 2905 951 2983 scriptu
969 2905 1016 2964 rel
1041 2904 1231 2984 pronuntiata

133 3013 210 3072 ectio
223 3011 351 3071 dicatur.

296 3171 567 3231 SCENICORUM
588 3166 788 3229 uctotttttt
810 3163 1063 3226 DIVERSITAS.

148 3339 153 3346 ·
175 3301 209 3359 ln
226 3317 346 3359 scenam
362 3319 420 3358 non
436 3297 532 3358 solum
555 3295 774 3357 comoediarum
799 3301 852 3352 sut
871 3289 1093 3370 ngoediurum
1108 3289 1231 3350 Actores

136 3397 198 3473 (qui
212 3393 339 3474 tragoedi
352 3405 384 3454 et
396 3393 522 3454 comoedi
536 3391 723 3466 dicebantur)
735 3387 894 3468 prodibant
906 3388 935 3446 in
951 3383 1164 3464 spectaculum,
1179 3385 1232 3443 sed

137 3493 223 3550 etiam
241 3491 332 3560 mimi,
344 3491 528 3569 pantomimi,
543 3487 714 3559 archimimi,
729 3483 870 3564 ethologl,
888 3481 1035 3562 ethopoei:
1057 3499 1161 3540 omnes
1172 3499 1232 3539 uno

137 3587 257 3646 nomine
273 3585 436 3666 hypocriten
458 3586 573 3662 (idest,
594 3585 699 3646 alienae
720 3601 855 3664 perseum
869 3579 1067 3650 simulatores)
1090 3575 1182 3636 dicti:
1204 3585 1234 3634 et

136 3703 237 3744 eorum
253 3682 342 3754 actio,
357 3681 533 3763 hypocrisis,
556 3681 586 3740 id
601 3693 659 3753 est,
673 3680 778 3740 alienae
799 3695 933 3758 personae
946 3671 1105 3743 simulatio,
1121 3669 1232 3729 Latinis

137 3777 308 3851 histriones,
322 3777 528 3859 ludionesque,
543 3779 696 3838 autetiam
711 3775 782 3837 ludii
797 3775 944 3834 dicuntur.
975 3765 1058 3829 hlimi
1072 3767 1233 3826 imitatores

137 3883 209 3934 sunt
223 3884 374 3954 gestuum,
387 3895 506 3950 socrum,
521 3887 573 3935 aut
586 3893 739 3955 gressuum
754 3871 880 3950 alicujus
899 3883 1034 3947 personas
1050 3863 1125 3923 inter
1139 3861 1232 3922 alias:

137 3971 223 4050 cujus
238 3969 364 4030 ridicula
378 3971 417 4030 sit
431 3989 498 4045 ros,
523 3982 576 4032 aut
599 3971 679 4031 aliud
699 3967 861 4048 quidpiam.
902 3957 1078 4022 Pantomimi
1105 3957 1234 4017 omnium

139 4085 331 4146 pemoaarum
345 4067 507 4130 imitatores
522 4078 592 4128 sunt
604 4067 827 4144 effictoresquc:
842 4069 877 4120 ut
893 4067 923 4118 et
934 4055 1080 4127 mulieres,
1094 4065 1124 4113 et
1138 4072 1234 4124 senes,

140 4175 171 4223 et
178 4163 315 4244 juvenes,
329 4183 365 4226 uc
379 4163 592 4244 cujuscumque
607 4163 703 4223 eetatls
721 4175 861 4240 personas
875 4153 1064 4232 confingantr
1086 4149 1173 4210 etiarn
1194 4151 1235 4208 ita
