3012 4892
430 371 479 420 na
500 373 705 426 rotomum
731 379 777 428 au
799 383 990 436 coumnrn.
1212 385 1257 450 47

162 505 382 570 madvertimue.
425 507 522 589 Hujue
537 523 635 576 auteur
661 515 783 597 originir
803 523 878 584 ratio
901 529 939 588 ab
960 533 1066 592 exterio
1088 534 1256 600 civitatibur

162 603 348 683 moriburque
361 605 502 682 pervenit.
544 609 739 673 Athenienses
757 635 895 697 namque,
908 623 1039 686 Atticum
1053 629 1255 694 curtodieutea

161 697 351 776 elegantium,
365 720 433 762 cum
447 701 556 764 vellent
572 705 648 767 male
662 709 793 772 virenter
808 725 921 788 uetare,
943 721 972 779 in
987 721 1068 784 ricor
1082 737 1113 785 et
1126 729 1256 808 compita

160 814 197 854 eu
209 795 349 856 omuibus
362 797 436 856 lucie
450 796 511 857 lorti
525 799 697 883 alacresque
709 809 884 870 veniebant:
899 813 998 894 ibique
1007 836 1075 878 cour
1087 821 1254 886 nominibur

159 891 343 970 cingulorum
356 895 446 956 ritum
464 895 674 974 publicabant:
704 901 783 960 unde
806 922 914 968 nomeu
930 915 1134 992 competitura,
1150 933 1183 978 ut
1196 920 1256 980 Co·

159 988 269 1048 moedia
280 999 447 1050 vocaretur.
490 990 564 1053 llaec
578 1003 676 1054 numm
690 998 820 1060 carmina
835 1001 864 1060 in
877 1005 971 1082 pratia
985 1008 1108 1086 primurn
1118 1013 1255 1077 mollibua

158 1085 334 1162 agebantur.
369 1086 433 1146 Nec
447 1085 570 1148 deerant
582 1089 715 1168 prumia,
730 1094 837 1172 quibua
851 1098 890 1159 ad
904 1101 1091 1164 scribendum
1100 1105 1254 1172 doctorum

158 1191 388 1258 provocarentur
400 1183 535 1262 ingenia:
558 1185 613 1244 red
633 1195 664 1246 et
678 1192 825 1251 actoribor
842 1213 964 1256 munera
977 1197 1183 1276 offerebantur,
1196 1225 1255 1284 quo

156 1275 298 1337 libentior
307 1277 444 1356 jucundo
462 1280 543 1340 vecie
557 1279 637 1341 llexu
660 1282 699 1343 ad
713 1283 900 1352 dulcedinem
916 1294 1177 1360 commendationia
1190 1311 1255 1363 ute·

156 1383 267 1433 rentur.
305 1374 403 1454 Caper
416 1393 542 1456 nemque
559 1395 613 1456 pro
625 1377 713 1438 donia
728 1379 773 1441 bie
784 1381 919 1458 debatur,
931 1389 1000 1466 quia
1014 1390 1120 1452 ritibus
1134 1396 1255 1460 noxium

156 1468 267 1528 animal
280 1469 464 1532 habebatur:
490 1491 588 1552 aquo
610 1475 699 1535 etiarn
725 1478 890 1559 Tragoediae
916 1503 1023 1545 nomen
1044 1497 1177 1550 exortum
1198 1505 1254 1554 ert.

157 1564 302 1624 Nonnulli
322 1575 474 1627 autenm
498 1587 618 1631 amurca
641 1570 699 1631 clei
723 1572 808 1650 foce,
831 1597 898 1656 quoe
918 1591 966 1639 ert
988 1579 1253 1664 bumorequatilir,

156 1659 345 1738 Trugrediam
358 1658 417 1721 dici
432 1663 587 1744 vocarique
607 1666 787 1730 maluerunt
829 1671 888 1740 Qui
905 1673 1049 1736 iudicum
1061 1697 1113 1758 per
1127 1681 1253 1745 ertibcer

154 1755 184 1812 in
197 1755 343 1816 bonorem
369 1755 462 1818 liberi
483 1760 575 1839 putria
594 1773 763 1840 agerentur,
782 1766 871 1826 ctiam
884 1768 941 1849 ipri
956 1771 1172 1836 comediarum
1185 1777 1255 1840 Tra·

157 1849 382 1930 godiammque
409 1853 566 1932 scriptorea
596 1856 687 1936 bujur
713 1857 780 1933 Dei,
795 1861 877 1922 velut
898 1866 1001 1944 patrie,
1023 1888 1132 1932 numen
1156 1873 1254 1936 colere

155 1947 349 2025 venerarique
372 1958 534 2026 coeperunt.
584 1951 679 2032 Cujna
705 1953 745 2014 rei
768 1959 928 2035 probabilia
952 1962 1026 2024 ratio
1049 1967 1157 2029 extitit.
1207 1969 1254 2032 lte

155 2040 232 2101 euim
246 2043 380 2102 carmine
391 2043 528 2106 inchoata
541 2047 775 2128 proferebantur,
790 2064 824 2114 ut
833 2073 930 2134 pereo
940 2057 1043 2122 lauder
1057 2061 1122 2142 ejur
1133 2065 1254 2127 etlacte

154 2135 285 2214 gloriere
297 2137 439 2200 celebrari
452 2142 631 2223 proferrique
645 2159 814 2210 reniteret:
837 2163 899 2212 turn
914 2155 1056 2234 paulatim
1070 2158 1150 2218 ieme
1163 2159 1251 2240 bujua

154 2233 225 2294 ertia
238 2233 393 2295 increbuit.
438 2235 565 2318 'lberpia
590 2249 687 2299 entem
711 2241 823 2322 primun
847 2245 912 2308 brec
938 2251 1048 2330 scriptu
1068 2253 1099 2314 in
1121 2255 1252 2318 omnium

155 2331 291 2390 notitiam
305 2330 437 2408 protulit.
478 2331 590 2394 Postea
601 2335 771 2416 AErcbylua,
786 2353 907 2404 uerutum
927 2348 1104 2427 exemplum,
1119 2349 1252 2430 publica·

154 2427 204 2486 rit.
246 2425 294 2485 De
307 2426 413 2505 quibua
423 2426 466 2487 ita
477 2427 618 2490 Horatius
632 2431 663 2490 iu
675 2432 748 2492 Arte
763 2433 885 2498 Poenica
898 2437 1046 2519 loquitur:

232 2567 372 2646 Ignotum
384 2567 518 2650 Tregicm
533 2590 627 2650 genua
641 2571 788 2636 inveniere
802 2595 945 2639 camoenae

234 2663 363 2736 Dicitur,
378 2672 408 2723 et
421 2663 559 2744 plaustris
574 2667 689 2728 rexieee
704 2671 842 2748 poimate
852 2673 989 2754 lberpir,

235 2745 312 2824 Qum
326 2767 467 2817 canerent
479 2771 658 2840 agerentque
672 2766 807 2841 peruncti
821 2765 944 2828 saecibur
958 2789 1020 2829 ora.

233 2851 310 2912 Post
321 2851 402 2912 buno
416 2872 550 2932 perronae
565 2853 712 2934 pallaeque
726 2867 857 2936 repertor
870 2859 1004 2922 bonertae

235 2947 394 3030 AEecbylur
409 2957 440 3008 et
454 2947 578 3009 modicia
592 2948 727 3010 instravit
742 2951 858 3032 pulpita
871 2954 971 3034 tignis,

232 3041 386 3102 Et'doouit
398 3061 597 3122 magnumque
611 3044 704 3123 loqui,
720 3045 829 3128 nitique
843 3049 1002 3114 cothurno.

233 3137 385 3198 Successit
399 3149 484 3198 retur
497 3137 545 3199 bic
560 3139 713 3200 Comoedia
725 3161 783 3202 non
799 3143 862 3204 uine
875 3145 970 3208 multa

235 3232 338 3293 Laude
351 3253 359 3294 ε
382 3232 437 3293 red
450 3233 480 3292 in
493 3234 595 3294 vitium
608 3234 728 3295 libertae
742 3237 863 3312 excidit,
878 3250 909 3300 et
922 3242 979 3302 rim

232 3327 363 3408 Dignum
376 3327 443 3408 lege
456 3329 536 3408 regi:
559 3331 607 3390 lex
621 3339 668 3392 eut
681 3345 821 3413 accepta:
842 3335 1009 3420 eborurque

231 3423 368 3505 Turpiter
381 3423 504 3485 obticuit
515 3425 632 3486 sublato
641 3426 708 3506 jure
723 3429 861 3490 nocendi.

232 3519 285 3579 Nu
299 3519 476 3580 intentatum
491 3521 583 3581 nortri
596 3521 708 3603 liquere
722 3526 837 3605 politae:

232 3613 299 3676 Nec
312 3615 462 3676 minimum
475 3637 605 3679 meruere
619 3617 721 3694 decue,
735 3621 859 3702 vestigia
871 3624 978 3686 Grrecn

231 3710 306 3770 Auri
319 3709 465 3786 deterere,
478 3723 510 3774 et
522 3713 671 3776 celebrare
686 3715 851 3779 domesticu
864 3719 953 3794 luctu,

230 3805 290 3866 Vel
303 3807 354 3887 qui
367 3818 538 3886 praetextae,
553 3808 599 3869 vel
612 3809 663 3890 qui
677 3809 805 3873 docuere
818 3823 947 3894 togatae.

191 3958 307 4018 rohob
320 3959 457 4038 generale
475 3977 583 4020 nomeu
597 3969 660 4028 ert:
688 3959 751 4040 ejoe
766 3959 834 4019 dure
853 3963 953 4041 prirnoe
967 3971 1066 4040 parter
1081 3971 1160 4034 runt,
1174 3959 1246 4024 Tra·

150 4053 249 4134 gordiu
258 4065 289 4116 et
300 4053 464 4116 Comoedia.
492 4055 524 4116 Si
538 4055 641 4118 batim
655 4056 869 4136 argumentatio
880 4057 928 4132 eit,
942 4067 1118 4136 pretextato
1130 4057 1245 4120 dicitur.

152 4151 307 4214 Comoedia
320 4163 420 4216 autem
433 4153 542 4216 rnultaa
556 4153 670 4235 apeciea
683 4153 781 4214 habet.
823 4151 884 4214 Aut
900 4154 977 4216 euim
991 4152 1111 4234 palliata
1123 4163 1180 4228 eat,
1194 4163 1247 4216 eut
