2948 4890
348 384 530 437 nsnrunrs
552 385 697 437 nnrnsrr
724 385 984 441 nrssnararro.
1170 379 1214 444 97

113 543 192 617 λόγῳ
200 534 246 594 cul
254 543 313 594 τῦν
322 532 437 610 dunler,
448 530 579 606 ταῦτάγε
588 531 718 604 crimuni
727 533 799 608 τάγε
806 537 930 594 πλεῖστα
939 537 1041 608 αἰπῦν,
1049 535 1213 600 ὑποκεῖσθαι

113 636 278 716 τῇἀφιλιίᾳ
292 627 347 688 δεῖ.
369 625 624 695 Quemadmodum
639 627 835 707 Hieronymus
847 628 1044 690 Menandrum
1059 641 1091 692 et
1103 631 1214 692 Teren·

113 733 185 792 tium
199 747 269 788 cum
282 725 412 784 maximo
421 722 535 802 judicio
548 723 712 803 conjungit.
734 723 783 782 Ad
797 725 954 784 Paulinum
967 727 1046 786 enim
1059 746 1067 786 :
1090 725 1211 790 ‘Poetae

115 827 290 886 oemulentnr
315 820 488 892 Homerum,
502 819 665 898 Virgilium,
680 819 888 893 Menandrum,
910 816 1099 884 'strentiurul
1132 825 1212 884 Audi

116 921 278 984 orationem
291 917 383 998 patris
397 916 473 976 irati.
515 916 625 980 Henut.
645 917 714 977 Aet.
728 935 759 977 v.
781 917 878 978 Scene
891 921 922 978 4.

476 1042 556 1116 Non,
571 1044 596 1103 si
608 1063 645 1104 ex
658 1044 754 1122 capite
767 1045 808 1104 sis
821 1064 888 1106 meo

197 1145 306 1216 Notus,
320 1139 421 1202 itidem
435 1149 470 1200 ut
479 1141 563 1201 aiunt
573 1141 737 1202 Minervam
748 1161 814 1202 esse
825 1142 955 1214 exJove,
969 1161 1005 1202 ea
1015 1143 1210 1222 oausnmagis

196 1243 306 1313 Patiar,
322 1237 463 1318 Clitipho,
476 1237 595 1318 flagitiis
610 1239 667 1298 tuis
680 1257 726 1298 me
740 1237 878 1298 infamem
894 1238 965 1298 lieri.

118 1381 147 1428 et
159 1389 226 1448 quae
241 1375 415 1446 sequuntur.
461 1363 538 1425 Audi
552 1364 631 1426 mitis
644 1365 698 1424 viri
712 1363 809 1444 potius
822 1383 912 1444 quam
924 1365 1013 1426 boni:

196 1478 353 1549 Ausculta,
367 1497 404 1537 ne
419 1497 465 1538 me
480 1475 628 1536 obtundas
643 1475 680 1536 de
694 1476 751 1537 hac
765 1497 796 1536 re
811 1476 931 1557 impius.

193 1577 289 1636 Tuum
303 1573 394 1634 lilium
409 1571 517 1633 dedisti
532 1571 735 1652 adoptandum
749 1571 830 1632 mihi.

196 1673 225 1732 ls
240 1689 324 1730 meus
337 1681 383 1730 est
396 1670 504 1730 lactus.
546 1667 577 1726 Si
591 1667 663 1748 quid
678 1679 792 1748 peccat,
806 1669 930 1742 Demea,

194 1767 270 1828 Mihi
283 1776 411 1846 peccat:
431 1783 488 1844 ego
501 1762 543 1822 illi
558 1782 724 1825 maxumum
738 1775 851 1844 partem
865 1765 968 1826 leram.

119 1879 122 1886 '
193 1862 350 1924 Obsonetl
371 1860 475 1941 potat?
495 1860 557 1922 olet
570 1859 745 1940 unguenta?
766 1859 803 1922 de
816 1881 896 1921 meo.

194 1959 302 2020 Amat?
323 1959 442 2019 dabitur
456 1977 474 2017 a
487 1978 534 2018 me
549 1969 714 2036 argentum,
729 1957 800 2020 dum
813 1959 869 2019 erit
882 1955 1088 2020 commodum:

194 2056 251 2115 Ubi
266 2073 326 2114 non
341 2054 405 2128 erit,
420 2054 544 2114 sortasse
555 2052 728 2112 excludetur
741 2053 830 2114 lorea.

195 2151 285 2214 Fores
299 2149 434 2230 effregit?
455 2151 654 2210 restituentur.
696 2149 822 2211 Discidit

193 2245 338 2308 Vestem?
358 2245 542 2306 renuncietur.
585 2245 649 2318 Est,
664 2245 720 2306 Dis
733 2247 839 2326 gratia,

193 2344 233 2404 Et
245 2343 326 2404 unde
339 2343 405 2404 haec
420 2343 502 2416 liant,
518 2353 549 2404 et
562 2342 659 2403 adhuc
673 2363 734 2403 non
748 2343 874 2404 molesta
888 2353 968 2408 sunt.

117 2481 153 2539 Et
166 2479 266 2541 diuina
279 2480 349 2542 illa:

354 2593 451 2654 Credo
464 2592 562 2652 hercle
575 2613 583 2653 ε
604 2611 672 2654 nnm
687 2594 838 2673 ingenium
853 2595 920 2654 novi
933 2605 1016 2656 tuum

191 2690 336 2752 Liberale.
379 2689 437 2750 Sed
453 2709 554 2750 vereor
567 2709 604 2752 ne
618 2689 777 2770 indiligens
794 2691 914 2751 nimium
927 2693 996 2753 sies.

191 2787 226 2844 ln
241 2805 302 2867 qua
316 2786 433 2846 civitate
446 2787 566 2846 tandem
581 2787 719 2845 arbitrare
735 2797 764 2845 te
778 2786 896 2845 vivere?

117 2929 154 2987 Et
165 2949 231 3008 qne
246 2929 311 2990 sine
326 2939 407 2988 motu
421 2929 509 2988 animi
523 2939 553 2988 et
567 2927 742 2988 suavissima
760 2928 912 3012 voluptate
934 2931 994 3012 legi
1009 2951 1068 2994 non
1082 2945 1209 3012 possunt

117 3023 248 3104 Hecyra·
354 3119 469 3180 Odiosa
482 3119 549 3178 haec
564 3130 610 3180 est
623 3127 697 3180 aetas
712 3120 961 3184 adulescentulis:

191 3216 330 3276 Emedio
344 3237 462 3296 aequum
476 3215 618 3277 excedere
632 3226 688 3277 est.
730 3217 885 3280 Postremo
894 3219 957 3300 jam
972 3240 1027 3282 nos
1041 3219 1142 3282 fabule

193 3313 312 3386 Sumus,
328 3312 492 3392 Pamphile,
504 3331 594 3372 senex
608 3321 697 3392 atquc
713 3331 798 3374 anus.

115 3467 144 3516 et
156 3467 274 3518 cetera:
295 3459 434 3538 pluscula
449 3469 519 3518 sunt
541 3459 628 3518 enirn.
672 3458 757 3530 Quis,
781 3477 848 3520 cum
867 3459 919 3521 illa
932 3461 1110 3522 Phormione
1124 3460 1209 3540 legit,

116 3573 173 3614 non
188 3574 309 3615 uxorem
323 3555 479 3616 honestam
499 3553 623 3613 adulteri
638 3553 797 3633 agnoscit‘.l

354 3685 401 3742 An
416 3683 574 3763 quicquam
587 3682 676 3744 hodie
691 3693 738 3744 eat
751 3684 862 3746 facturn
875 3685 1047 3766 indignius?

193 3779 252 3847 Qui
267 3778 349 3850 mihi,
363 3781 412 3840 ubi
427 3779 465 3838 ad
480 3797 587 3840 uxores
601 3789 720 3839 ventum
732 3791 789 3852 est,
804 3790 867 3840 tum
881 3783 956 3842 liunt
969 3801 1067 3842 senes.

191 3875 336 3936 Haeccine
351 3885 436 3937 erant
448 3877 554 3938 itiones
568 3879 677 3937 crehroe
698 3887 729 3936 et
743 3879 911 3936 mansiones
925 3876 1049 3936 diutinae

191 3971 317 4032 Lemni?
330 3972 463 4032 hoeccine
476 3983 539 4034 erat
548 3993 616 4052 quoe
624 3982 743 4034 nostros
755 3973 868 4032 l'ructus
879 3972 1028 4032 minuebat
1035 3971 1209 4033 calamitas?

192 4067 297 4138 Quid?
319 4088 376 4148 ego
390 4089 477 4148 aequo
491 4070 588 4129 animo
602 4072 690 4149 cupio
704 4070 811 4128 rnisera
826 4069 856 4127 in
869 4069 926 4127 hac
941 4087 972 4126 re
986 4067 1149 4148 defungier.

190 4164 255 4224 Sed
269 4164 338 4246 quid
356 4185 469 4244 sperem
481 4163 494 4224 l
515 4175 602 4226 aetate
616 4184 703 4246 porro
717 4164 814 4224 minua
828 4172 1018 4244 peccaturum
1034 4163 1155 4244 puternl

175 4275 266 4341 Παρὰ.
276 4282 300 4326 et
313 4277 369 4328 Ver.
380 4278 445 4328 ctm.
625 4277 719 4328 rami.
1120 4277 1145 4326 G
