2948 4890
158 361 164 370 '
242 343 306 409 120
706 354 872 404 nutritus

241 499 371 560 trimetro
383 498 477 578 megia
493 498 667 568 subsistunt,
685 495 835 568 collocari,
848 507 880 554 et
891 497 1039 576 praecipue
1052 499 1133 578 apud
1147 500 1285 564 Plautum
1298 513 1328 566 et

242 595 378 656 Naevium
393 605 424 654 et
446 595 612 654 Afranium.
661 592 739 652 Nem
765 592 796 652 bi
819 592 943 654 maxime
965 613 1002 655 ex
1030 595 1165 656 omnibue
1193 599 1328 660 membrie

240 709 397 758 versuumr
416 690 489 750 colis
498 691 536 750 ab
549 691 593 750 bie
603 690 745 770 reparatio
753 691 875 750 licenter
885 689 930 750 uei
946 689 1128 770 reperiuntur
1136 691 1166 751 in
1177 692 1327 756 claueulir.

242 770 323 847 ldem
337 787 506 848 Victorinus
517 787 546 845 in
561 787 619 846 elio
630 787 697 846 loco
711 784 748 844 de
762 785 859 845 iambo
873 784 916 844 ric
930 785 1019 846 dicit:
1035 787 1219 865 improbetur
1232 799 1326 851 autem

240 881 319 963 apud
335 884 473 963 tragicos,
492 902 594 945 vereue
607 889 643 943 dx
664 883 800 942 omnibus
822 881 927 942 iambie
949 883 1147 962 compositor:
1177 903 1246 944 nem
1269 904 1327 964 quo

240 979 281 1038 eit
297 979 429 1060 amplior,
442 989 473 1040 et
485 998 539 1058 par
553 978 674 1059 tragice
696 977 842 1058 dignitati.
856 979 1047 1058 interponunt
1056 979 1242 1064 'frequentiae
1256 979 1327 1041 locir

241 1074 386 1136 duntaxat
411 1075 571 1156 imparibur
597 1075 706 1155 pedum
731 1073 942 1156 dactylicorum
966 1093 1064 1136 morae
1087 1087 1118 1136 et
1144 1063 1327 1156 epondoeum.

242 1171 376 1232 Similiter
390 1172 469 1252 apud
482 1171 610 1232 comicoe
624 1171 719 1232 laxiue
733 1171 860 1252 spatium
873 1171 975 1232 datum
989 1182 1055 1234 eat:
1076 1191 1144 1232 nam
1152 1183 1184 1232 et
1195 1172 1239 1232 illi
1252 1173 1328 1244 loce,

240 1287 308 1346 qum
329 1268 444 1348 proprie
468 1268 613 1328 debentur
634 1257 750 1339 iambis,
775 1267 924 1347 epondreie
938 1275 1096 1348 occupant,
1109 1267 1287 1348 dactyloque
1300 1279 1330 1330 et

241 1373 394 1443 enapwo
407 1363 480 1424 locie
494 1363 619 1442 adaeque
634 1362 809 1442 disparibue.
851 1364 907 1436 lta,
921 1362 992 1424 dum
1004 1363 1208 1443 quotidianum
1221 1373 1330 1426 sermo·

241 1477 310 1518 nem
323 1459 429 1520 imiteri
443 1460 586 1533 nituntur,
600 1470 694 1520 metra
707 1459 821 1532 vitiant,
845 1459 955 1532 etudio,
977 1479 1037 1521 non
1056 1461 1219 1540 imperitia:
1250 1459 1330 1540 quod

240 1555 421 1635 frequentior
435 1555 515 1638 apud
528 1567 648 1617 noetroe
672 1575 760 1636 quem
785 1556 863 1638 opud
884 1555 1007 1617 Grmcoe
1030 1556 1172 1617 invenies.
1213 1556 1332 1618 Genera

241 1659 340 1710 autem
349 1651 464 1714 iambici
478 1653 561 1714 metri
575 1661 645 1713 eunt
660 1651 739 1712 duor
761 1670 829 1711 nem
843 1652 992 1714 exiirelia
1003 1652 1128 1732 integre,
1142 1652 1200 1712 alia
1211 1652 1330 1725 clauda,

240 1765 309 1826 qore
322 1757 463 1808 aceronti
483 1767 534 1809 eeu
559 1748 725 1808 cboliembe
744 1759 861 1820 vocent,
880 1759 970 1810 eunt:
989 1767 1113 1828 quorum
1137 1747 1330 1810 differentiam

240 1843 402 1922 penultima
413 1863 516 1906 rerem
531 1843 647 1924 eylleba
660 1845 882 1906 demonstrabit.
912 1845 1000 1918 Nem,
1017 1845 1042 1904 ei
1057 1845 1151 1904 brerie
1165 1845 1330 1925 contigerit,

241 1938 296 1998 erit
316 1947 426 2000 rectum
447 1952 479 2002 et
498 1941 643 2018 integrum
666 1942 833 2015 iambicum,
848 1942 905 2002 ita:
939 1942 1058 2020 vigoris
1080 1940 1156 2002 adde
1180 1947 1328 2001 concitum

241 2033 362 2093 celerem
377 2033 491 2116 pedem.
534 2037 586 2094 Sin
607 2055 677 2096 vero
698 2035 799 2116 longa,
825 2037 961 2098 delumbe
984 2047 1015 2098 et
1037 2035 1186 2107 claudum,
1210 2047 1244 2096 ut
1267 2047 1330 2096 eet:

241 2129 379 2192 Novltttd
391 2131 499 2194 dirottte
513 2143 571 2194 non
587 2142 631 2192 tet
654 2139 765 2194 inertas
779 2134 863 2213 legia
906 2133 945 2192 Le
959 2132 1058 2210 longe,
1080 2152 1147 2212 qum
1167 2132 1329 2211 penultima

240 2225 393 2305 reperitur,
420 2235 543 2288 metrum
566 2227 744 2306 corrumpit:
772 2229 861 2308 bujue
885 2239 1015 2308 repertor
1033 2228 1200 2308 Hipponax.
1244 2227 1331 2300 Nem,
1460 2205 1461 2246 ³

240 2339 293 2398 pro
303 2321 400 2381 iembo
413 2321 541 2383 inductis
556 2321 693 2383 trochaeis
706 2335 811 2383 contra
823 2324 918 2402 legem
934 2324 1054 2383 trimetri
1068 2323 1193 2395 iambici,
1205 2335 1330 2386 metrum

240 2415 398 2490 innovavit,
410 2418 491 2496 quod
506 2418 631 2498 adteque
644 2439 681 2480 ex
696 2419 839 2499 spondeo
850 2420 1005 2498 contingit.

635 2685 939 2699 ψ

419 2939 605 3007 VERSUS
629 2936 804 3005 RUFlNl
827 2939 1146 3007 GRAMMATICI

356 3117 407 3166 DE
421 3111 556 3163 tumme
572 3111 743 3163 uentum
762 3113 805 3162 m·
819 3112 951 3164 Pratum
968 3115 1016 3164 ΕΤ
1030 3115 1210 3166 Altonum.

319 3285 489 3346 Aouoecrr
503 3295 635 3358 metrum,
645 3295 801 3366 servatque
813 3286 968 3348 Terentiur
983 3301 1086 3362 artem,

319 3383 396 3442 Nem
409 3379 547 3462 prologos
561 3382 691 3442 trimetro
705 3381 809 3444 didicit
827 3403 999 3462 componere
1014 3405 1111 3456 remu,

318 3478 536 3557 Scenarumque
549 3489 633 3538 actue
648 3477 756 3556 primos
772 3478 847 3556 pede
861 3479 974 3538 claudit
987 3481 1100 3542 eodem.

319 3573 361 3633 Ut
373 3583 444 3632 runt
456 3573 486 3632 hi
500 3593 600 3634 vereue
614 3573 746 3654 prologi:

315 3665 487 3728 Portunum
502 3676 625 3747 primum
638 3671 766 3727 ttnlmum
781 3669 819 3728 ed
834 3669 1020 3730 scribendum
1036 3671 1159 3750 tppltlit,

316 3763 346 3822 ld
361 3765 420 3826 elbl
431 3769 530 3843 negoti
542 3763 655 3823 credidi
669 3763 764 3824 solum
780 3765 843 3824 dltri

315 3857 430 3940 Populo
442 3867 476 3920 ut
489 3859 637 3938 pltcertnt
649 3868 724 3938 quta
738 3861 857 3921 merere
871 3861 1010 3922 Fabulae.

317 3957 379 4017 Vde
391 3961 475 4016 letrae
486 3963 563 4015 intro
577 3957 701 4029 aulem,
716 3959 811 4028 tbrter
834 3959 920 4020 Sbsle

317 4051 459 4112 llderdtlm
473 4057 575 4129 pauci·
589 4062 617 4112 tt
632 4053 708 4115 villo.
750 4055 869 4115 Dictum
881 4061 963 4135 pbta.

317 4147 514 4208 Tetrametroe
525 4151 657 4229 requitur
670 4169 757 4230 quem
771 4153 896 4213 finxerat
909 4151 959 4212 ille
973 4149 1108 4211 Boiecue.
