2948 4890
244 392 307 459 134
450 408 651 460 corninus
675 409 724 458 nn
750 407 932 458 venerans
956 409 1117 460 rantur.

453 643 763 712 ANTONIUS
807 642 1129 711 GOVEANUS

532 775 583 826 nn
598 773 775 826 venereus
791 775 1045 828 runenrruura.

244 924 460 988 Tarrurrarrr
471 947 573 990 venua
585 937 635 988 aut
647 927 763 988 iambici
777 936 857 1001 runt,
868 937 921 988 aut
930 927 1083 988 trochaici.
1112 927 1231 986 lamhici
1246 924 1332 1007 pedet

245 1023 322 1084 duoa
336 1024 490 1105 recipiunt,
511 1026 640 1086 iambum
653 1033 684 1084 et
698 1023 883 1104 apondoeum,
904 1033 934 1084 et
957 1023 987 1082 in
1002 1041 1077 1102 quoa
1092 1022 1112 1082 ii
1126 1022 1334 1092 diaaolruntur,

246 1119 344 1180 nullos
366 1131 518 1200 praeterea.
558 1118 711 1180 'l'rochaici
732 1119 802 1180 item
824 1118 911 1191 duoa,
933 1119 1094 1180 trochaeum
1108 1129 1139 1179 et
1153 1117 1335 1199 spondaeum,

246 1217 320 1276 etin
334 1237 409 1296 quoa
423 1217 442 1276 ii
457 1216 668 1288 diraolvnutur,
678 1212 775 1276 nulloa
790 1225 943 1296 praeterea.
971 1214 1089 1274 iambici
1103 1224 1155 1274 ant
1166 1213 1337 1274 monometri

247 1323 327 1384 aunt,
349 1323 401 1372 aut
413 1313 537 1384 dimetri,
561 1321 612 1372 aut
626 1310 758 1382 trimetri,
780 1319 833 1370 aut
846 1309 1015 1371 tetrametri.
1058 1309 1236 1370 Monometri
1249 1327 1337 1369 unam

246 1408 357 1468 habent
369 1427 545 1482 meuauram,
558 1409 616 1470 hoc
629 1419 686 1481 eat,
699 1405 792 1487 peden
806 1405 893 1478 dnoa,
908 1405 984 1466 duaa
998 1404 1123 1478 dimetri,
1137 1416 1196 1465 trea
1208 1406 1338 1478 trimetri,

246 1503 304 1566 hoc
317 1515 375 1578 cat,
396 1505 488 1586 pedea
503 1525 565 1580 aex,
583 1505 662 1566 nude
677 1524 696 1564 a
711 1504 821 1564 Latinio
836 1503 943 1564 rennui
958 1501 1030 1562 dicti
1045 1511 1125 1562 aunt.
1165 1501 1339 1562 Tetrarnetri

248 1611 384 1679 quatuor,
408 1602 465 1662 hoc
488 1611 545 1672 eat,
566 1601 657 1682 pedea
676 1611 764 1662 octo:
784 1602 834 1680 qui
854 1611 885 1660 et
898 1599 1041 1660 octonarii
1054 1618 1073 1659 a
1088 1599 1209 1672 latinia,
1223 1609 1255 1658 et
1268 1616 1340 1677 qna·

248 1697 334 1770 droti,
348 1711 379 1760 et
391 1699 555 1782 longlarimi
568 1700 715 1761 dicuntur.
757 1699 934 1760 Monometri
948 1708 979 1759 et
992 1697 1111 1758 trimetri
1121 1697 1212 1777 juste
1226 1715 1341 1776 aemper

250 1803 320 1854 aunt
333 1815 489 1870 mensura,
511 1807 542 1858 ct
561 1796 620 1858 rari
641 1815 757 1876 :emper
776 1795 903 1868 iambici,
922 1793 980 1855 hoc
1000 1803 1056 1866 eat,
1077 1792 1184 1873 pedem
1207 1791 1340 1852 ultimum

251 1909 365 1970 temper
377 1892 488 1954 babent
500 1891 636 1954 iambum.
672 1891 869 1954 Dimetrorurn
886 1901 917 1962 et
930 1899 1163 1952 tetrametrornm
1171 1887 1265 1968 juata:
1278 1887 1342 1968 qni·

250 1984 317 2046 dern
331 1998 402 2050 runt
415 2009 570 2062 manaurae,
591 1989 641 2070 qui
664 1988 846 2049 acatalectici
871 1996 1023 2058 vocantur,
1046 1985 1124 2065 iique
1143 1984 1203 2044 reri
1227 2003 1340 2064 aemper

251 2083 330 2162 apud
345 2085 424 2146 hunc
438 2097 587 2146 auctorem
603 2097 673 2146 aunt
685 2085 812 2146 iambici.
840 2084 961 2165 lnjuatoe
972 2082 1092 2165 quidam
1103 2100 1248 2143 menaurar
1263 2089 1342 2152 anot,

251 2189 282 2238 et
303 2179 322 2240 ii
346 2201 405 2242 non
428 2202 542 2262 aemper
563 2181 623 2242 reri
645 2191 715 2242 aunt
736 2181 863 2256 iambici,
884 2181 936 2242 aed
952 2189 986 2241 nt
998 2179 1154 2260 plurimum
1168 2176 1342 2259 apoudreum

252 2285 304 2336 aut
317 2275 467 2360 dactylum
481 2279 584 2339 ultima
598 2278 667 2340 aede
688 2279 841 2358 recipiunt,
862 2278 1059 2356 dicunturque
1082 2275 1252 2336 Scazontea.
1295 2273 1342 2332 ln·

246 2369 338 2450 juata:
352 2383 450 2434 autem
464 2393 646 2436 erraverant
660 2393 805 2435 menaurae
820 2373 913 2434 modia
926 2372 1042 2432 duobua
1056 2368 1180 2432 accidit:
1202 2379 1255 2429 aut
1267 2369 1343 2429 euim

248 2466 331 2546 juato
345 2468 459 2549 ayllaba
473 2471 602 2532 minoret
617 2481 697 2544 aunt,
711 2481 762 2531 aut
783 2470 925 2550 majorca:
946 2469 998 2542 illi,
1020 2463 1203 2534 catalectici:
1225 2465 1267 2538 hi,
1290 2464 1344 2544 by·
1468 2475 1469 2486 ¹

251 2564 468 2644 percatalectici
483 2577 552 2626 aunt
565 2567 717 2628 nominati.
760 2565 883 2628 Dimetri
898 2575 932 2626 ut
945 2563 1028 2624 rnulti
1042 2564 1102 2623 rint
1115 2560 1289 2632 catalectici,
1303 2560 1344 2619 ita

252 2659 326 2720 nulli
351 2659 607 2742 hypercatalectici
631 2664 825 2745 reperiuntur.
877 2661 966 2722 Nunc
990 2659 1131 2720 trochaici
1153 2668 1204 2718 ant
1219 2655 1344 2716 dimetri

253 2767 333 2829 aunt,
346 2768 397 2818 aut
410 2761 581 2836 tetrametri,
594 2761 759 2822 catalectici
774 2777 886 2830 omnea,
910 2757 957 2818 vel
978 2752 1246 2838 hypercatalectici,
1270 2763 1301 2812 et
1324 2750 1343 2809 ii

252 2853 413 2914 octonarii:
443 2855 517 2916 nulli
540 2856 685 2936 aiquidem
707 2856 822 2916 dimetri
846 2851 1105 2934 hypercatalectici
1128 2860 1206 2910 aunt.
1249 2845 1346 2908 Nimia

253 2947 335 3008 luere
348 2949 493 3030 ingenioai
507 2953 556 3032 qui
570 2953 707 3014 denarioa
721 2969 823 3012 verena
837 2951 868 3009 in
881 2947 1018 3008 Terentio
1032 2957 1102 3006 aunt
1112 2944 1280 3016 commenti,
1293 2951 1345 3022 qui

253 3055 451 3121 pentametroa
463 3049 615 3122 iambicoa,
629 3047 680 3130 qui
693 3047 831 3109 dimetroa
843 3044 1028 3107 redundante
1042 3041 1130 3123 pede,
1140 3041 1191 3120 qui
1205 3040 1345 3100 dimetro:

253 3141 387 3214 creticos,
413 3143 464 3220 qni
485 3143 610 3205 cretico:
624 3154 820 3207 monometroa
835 3141 1020 3204 redundante
1033 3137 1121 3220 pede,
1143 3136 1193 3217 qui
1207 3156 1225 3196 c
1237 3136 1346 3197 cretico

254 3254 313 3295 uno
324 3255 439 3296 veroum
452 3239 664 3314 breriaaimum,
675 3243 726 3322 qui
740 3241 865 3302 creticor
877 3239 906 3298 in
918 3237 1024 3317 quibua
1038 3255 1091 3316 pro
1104 3235 1213 3296 cretico
1223 3251 1347 3314 ponere·

254 3339 302 3392 tur
316 3332 473 3408 moloarua,
487 3351 645 3415 poneretur
667 3347 698 3398 et
721 3337 847 3408 iarnbua,
867 3334 918 3414 qui
943 3332 1073 3394 aenarioa
1087 3332 1226 3392 iambicon
1241 3329 1347 3411 hyper·

254 3427 454 3504 catalecticos,
465 3433 515 3512 qui
526 3443 656 3495 monatra
672 3433 722 3496 illa
737 3451 872 3494 ramnum
887 3451 903 3492 e
916 3428 1074 3490 trochaicia
1089 3437 1119 3488 et
1132 3425 1264 3486 iambicis
1275 3443 1346 3485 con·

254 3521 335 3584 data.
379 3524 470 3586 Porro
484 3547 539 3590 nec
552 3531 589 3590 ab
604 3529 736 3591 iambicis
758 3529 797 3588 ad
821 3526 998 3600 trochaicoa,
1021 3523 1136 3586 neceb
1160 3523 1196 3582 iia
1219 3520 1257 3582 ad
1281 3521 1346 3581 illoa

255 3620 360 3680 traoait
374 3619 478 3696 Poie'ta,
496 3624 552 3685 nisi
569 3627 649 3705 (qua
671 3635 756 3686 retna
778 3623 931 3684 doctorum
955 3621 1012 3680 luit
1032 3619 1143 3698 opinio,
1165 3619 1255 3697 longo
1270 3636 1348 3677 arne

254 3717 408 3778 intervallo
422 3723 573 3798 renovata)
588 3741 634 3782 rea
648 3721 679 3781 id
693 3730 746 3780 aut
759 3719 900 3800 postulet,
914 3727 966 3778 ant
979 3726 1058 3778 certe
1072 3715 1156 3774 serat.
1192 3712 1349 3780 Quomodo

255 3813 397 3874 autemid
412 3836 457 3877 rea
472 3827 524 3878 aut
537 3818 677 3900 postulet,
699 3827 751 3878 aut
765 3818 849 3889 ierat,
869 3814 930 3876 auia
944 3815 1017 3874 locia
1032 3813 1060 3872 in
1076 3811 1111 3872 iia
1126 3809 1349 3870 Commentariia

255 3907 436 3984 docebimur,
457 3932 531 3991 quoa
556 3914 586 3972 in
610 3913 780 3974 Terentium
801 3929 950 3991 paramus.
992 3909 1068 3977 Qua:
1092 3909 1245 3987 poetarum
1268 3925 1372 3990 more*

255 4006 342 4067 licere
357 4009 413 4069 ribi
426 4010 516 4070 voluit
529 4011 683 4072 Terentina
696 4016 778 4089 (quae
792 4008 910 4089 quidem
925 4025 1021 4088 pauca
1036 4008 1118 4080 aunt)
1136 4005 1201 4064 hoec
1216 4003 1350 4064 animad-

256 4103 347 4162 verti:
362 4104 391 4162 in
407 4125 494 4166 unam
505 4107 652 4167 contrahit
663 4105 817 4187 syllabam,
832 4123 926 4176 meua,
941 4115 1021 4174 tuna,
1036 4121 1119 4172 anua,
1131 4099 1225 4171 Deua,
1241 4099 1350 4170 Deum,

258 4197 348 4272 Deoa,
363 4200 447 4277 Deae,
460 4202 548 4283 prior,
562 4223 645 4284 puer,
656 4204 707 4276 rei,
720 4201 789 4278 eho,
802 4202 867 4274 luit,
880 4221 933 4264 ea:
954 4201 984 4261 in
998 4197 1085 4268 duaa,
1098 4191 1212 4268 cadem,
1225 4193 1349 4265 eodem,
