3012 4892
254 367 298 434 48
520 379 568 430 na
592 377 796 428 'rotomum
822 377 867 426 ar
890 377 1078 428 nouorum.

254 533 367 604 togata,
382 532 433 582 out
449 513 624 594 tabernaria,
648 530 699 582 aut
713 519 852 592 atellana,
875 508 928 580 aut
949 520 1065 590 mimus,
1090 527 1142 580 aut
1156 518 1344 594 Rhintonica,

255 631 307 679 aut
317 617 496 698 planipedis.
525 615 699 696 Plauipedia
712 613 908 686 autemdicta,
923 616 961 674 ob
975 614 1168 674 humilitatem
1182 616 1348 694 argumenti

254 715 329 794 ejus,
344 731 379 772 ac
392 713 533 772 vilitatem
547 722 689 783 actorum,
703 711 754 790 qui
768 729 828 770 non
840 710 986 770 oothnmo
1001 722 1053 770 aut
1067 729 1155 772 socco
1173 721 1296 771 utuntur
1313 711 1346 770 in

254 829 355 881 scena,
369 819 421 868 aut
433 807 557 888 pulpito,
571 806 624 866 sed
639 807 729 886 plano
743 806 839 886 pede:
868 805 914 866 vel
929 805 995 867 ideo
1009 805 1089 886 quod
1103 825 1162 866 non
1176 825 1213 866 ea
1226 807 1348 886 negotia

254 906 395 975 continet,
409 921 476 980 qum
490 919 679 980 personarum
692 901 723 960 io
737 901 863 962 turribus
876 901 966 960 autin
977 902 1137 962 coeoaoulis
1149 901 1346 962 habitantium

255 1010 335 1072 sunt,
351 997 448 1058 sedin
462 996 551 1075 plano
566 1007 596 1056 et
605 995 708 1054 humili
722 995 798 1056 loco.
830 994 985 1056 Personati
999 996 1083 1076 primi
1098 997 1195 1075 egisse
1206 995 1347 1055 dicuntur

255 1094 436 1156 Comoediam
451 1092 571 1151 Cincius
585 1102 616 1152 et
635 1091 787 1150 Faliscus:
809 1089 996 1169 Tragoediam
1018 1091 1163 1152 Minatius
1176 1102 1207 1152 et
1220 1090 1347 1150 Protho-

254 1191 360 1252 nius.¹³
401 1188 540 1248 Omnium
563 1197 661 1246 autem
683 1183 891 1246 comoediarum
911 1186 1023 1264 scripta
1046 1206 1083 1246 ex
1107 1197 1233 1266 quatuor
1256 1186 1346 1244 rebus

254 1286 374 1348 omnino
398 1291 569 1350 sumuntum
603 1280 730 1353 nomine,
758 1279 836 1352 loeo,
863 1280 956 1354 lacto,
979 1291 1097 1342 eventu.
1148 1281 1285 1353 Nomine,
1312 1291 1347 1340 ut

254 1381 403 1451 Phormio,
419 1377 546 1457 Hecyra,
568 1375 723 1455 Gurgulio,
743 1373 896 1453 Epidicus.
937 1374 1027 1449 Loco,
1048 1385 1083 1436 ot
1095 1375 1219 1450 Andria,
1233 1377 1346 1436 leum-

178 1465 181 1472 ¹
254 1478 314 1549 dia,
328 1473 526 1534 Brundusina.
558 1471 659 1543 Facto,
669 1480 703 1530 ut
713 1469 885 1541 Eunuchus,
899 1470 1047 1544 Asinaria,
1058 1472 1186 1552 Captivi.
1216 1472 1345 1546 Eventu,

255 1569 497 1641 Commorientes,
531 1567 669 1646 Adelphi,
708 1567 1063 1628 Heautontimorumenos.
1126 1566 1346 1628 Comoediatnm

254 1670 355 1729 lormae
370 1675 440 1725 sunt
454 1674 524 1724 tres.
554 1663 699 1736 Palliatoe,
720 1661 859 1720 Graecum
872 1660 1005 1722 habitum
1015 1663 1162 1723 serentes:
1182 1681 1257 1741 quas
1270 1681 1345 1722 non-

252 1763 326 1824 nulli
353 1761 531 1822 tabernarias
558 1769 676 1820 vocant.
731 1758 864 1838 Togatae,
887 1757 975 1836 juxta
1000 1759 1123 1819 sormam
1152 1777 1345 1837 personarum

252 1861 385 1920 habitum
399 1867 533 1936 togarum
547 1854 760 1916 desiderantes.
801 1853 958 1928 Atellanae,
973 1855 1083 1916 salibus
1097 1866 1128 1914 et
1135 1855 1212 1934 jocis
1223 1873 1344 1932 compo·

254 1957 329 2025 sitae,
356 1973 424 2032 quae
451 1953 480 2010 in
510 1970 542 2010 se
565 1969 626 2009 non
652 1949 771 2020 habent,
796 1948 856 2008 nisi
882 1959 1029 2010 vetustam
1055 1949 1242 2028 elegantiam.
1284 1947 1345 2007 Co-

124 2111 129 2122 ,
253 2049 361 2110 moedia
381 2057 477 2108 autem
502 2044 639 2106 dividitur
663 2045 692 2104 in
719 2055 846 2124 quatuor
868 2055 985 2125 partes:
1014 2046 1177 2125 prologum,
1201 2043 1345 2132 promen,

253 2144 389 2224 epitasin,
417 2141 635 2221 catastrophen.
691 2139 838 2221 Prologus
862 2153 909 2202 est
935 2143 1029 2222 prima
1057 2142 1159 2214 dictio,
1183 2160 1202 2200 a
1229 2139 1346 2203 Grmcis

253 2239 335 2300 dicta
366 2240 542 2315 πρόλογοεβ*
571 2237 601 2296 id
626 2246 682 2311 est,
712 2237 891 2298 antecedens
924 2258 1023 2300 veram
1056 2238 1165 2299 labulsa
1197 2236 1345 2316 composi*

253 2339 361 2396 tionem
381 2333 519 2394 elocutio.
571 2333 643 2412 Ejus
664 2336 780 2414 species
804 2343 931 2414 quatuor
951 2345 1037 2396 sunt:
1073 2333 1242 2406 semermis,
1262 2351 1345 2392 com·

251 2429 466 2492 mendatitius:
507 2448 567 2507 quo
602 2428 703 2488 fabula
734 2429 781 2490 vel
813 2432 902 2511 poiita
932 2429 1170 2498 commendatum
1210 2433 1344 2509 decoope-

252 2525 331 2598 rdr,¹⁸
352 2525 510 2584 relativus:
531 2543 590 2603 quo
605 2534 656 2583 aut
674 2524 842 2584 adversario
856 2525 1024 2599 maledicta,
1042 2535 1094 2586 aut
1107 2524 1210 2604 gratiss
1234 2524 1345 2604 populo

251 2623 431 2686 reserunturs
453 2617 646 2692 irrisionem,¹⁶
667 2621 918 2699 argumentatione
939 2620 1049 2680 sabulos
1073 2628 1278 2700 argumentum
1293 2637 1345 2679 ex·

251 2734 383 2797 ponens;
403 2715 506 2791 pareds,
520 2714 644 2774 mistus:
666 2717 766 2774 omnia
788 2715 854 2776 lraec
869 2717 899 2774 in
925 2717 1135 2776 secontinens.
1176 2714 1256 2774 lnter
1276 2733 1345 2793 pro·

250 2811 352 2891 logum
367 2821 398 2872 et
410 2811 574 2890 prologium
597 2805 716 2889 quidam
727 2807 786 2870 hoc
811 2811 953 2872 interesse
968 2810 1141 2872 voluerunt:
1163 2807 1233 2889 quia
1246 2809 1343 2890 prolo-

251 2927 308 2986 gus
322 2917 368 2966 est
383 2905 462 2966 velut
475 2905 608 2986 prelatio
622 2906 759 2985 quaedam
773 2907 893 2979 fabulae,
913 2907 943 2966 in
958 2927 1018 2986 quo
1032 2906 1097 2967 solo
1111 2906 1224 2966 scilicet
1236 2913 1344 2985 praeter

250 3009 466 3080 argumentum,
493 2999 605 3078 aliquid
627 3001 666 3060 ad
696 3001 837 3081 populum
861 3003 907 3062 vel
930 3023 967 3063 ex
997 3005 1095 3083 po'eta,
1120 3003 1167 3061 vel
1190 3020 1227 3060 ex
1250 3000 1343 3080 ipsius

248 3095 370 3166 fabulae,
384 3094 431 3154 vel
446 3094 552 3154 actoris
567 3095 721 3154 commodo
736 3095 875 3176 loquitur.
909 3097 1078 3176 Prologium
1092 3106 1190 3157 autem
1205 3105 1261 3168 est,
1275 3113 1343 3156 cum

250 3201 365 3250 tantum
380 3188 418 3248 de
432 3198 604 3268 argumento
619 3189 736 3251 dicitur.
778 3187 911 3252 Protasis
926 3202 972 3252 est
985 3192 1095 3272 primus
1114 3203 1199 3252 actus
1213 3189 1342 3252 initium·

249 3305 309 3364 que
328 3283 479 3356 dramatis,
492 3301 552 3364 quo
574 3303 643 3364 pars
665 3285 830 3364 argumenti
853 3285 1025 3368 explicatur,
1049 3307 1118 3366 pars
1142 3286 1280 3348 reticetur
1303 3284 1343 3344 ad

249 3376 352 3459 populi
368 3379 601 3456 expectationem
616 3380 786 3442 tenendam.
827 3377 955 3464 Epitasis
976 3391 1023 3443 est
1043 3384 1254 3442 incrementum
1276 3401 1342 3461 pro·

249 3492 412 3550 cessosque
426 3473 586 3544 turbarum,
597 3493 631 3534 ac
643 3475 744 3550 totius,
758 3487 791 3537 ut
802 3478 845 3538 ita
858 3477 994 3551 dixerim,
1003 3479 1098 3540 nodus
1109 3480 1224 3538 erroris.
1251 3479 1343 3538 Cata-

250 3567 369 3649 strophe
384 3576 430 3627 est
445 3568 599 3628 conversio
621 3588 717 3629 rerum
732 3568 770 3632 ad
785 3573 933 3652 jocundos
947 3573 1055 3647 exitus,
1077 3573 1226 3653 patefacta
1249 3591 1342 3634 cunc·

249 3663 289 3724 tis
310 3661 479 3741 cognitione
505 3673 663 3742 gestorum.
707 3665 741 3724 ln
764 3667 912 3749 plerisque
937 3669 1043 3730 fabulis
1068 3669 1196 3749 ipsarum
1222 3669 1343 3729 nomina

249 3760 345 3842 priora
357 3759 552 3839 ponebantur,
566 3779 654 3839 qoam
669 3763 841 3841 poetaram:
862 3765 893 3824 in
907 3765 1057 3826 nonnullis
1072 3767 1235 3846 politorum,
1250 3781 1340 3844 quam

268 3938 313 4010 *tt
342 3935 462 3986 Mtsate'us
488 3941 512 3986 et
541 3936 695 4000 Protlioaisr]
722 3938 776 3988 Ms.
847 3939 1342 4008 lt'mapopaal51Ms.lmmrrrssde.Id.

250 4010 371 4062 Minucios
382 4018 405 4062 et
418 4013 561 4063 Protltimar.
574 4013 615 4065 ld.
847 4017 1041 4083 lemmate]
1052 4019 1103 4070 Ma.
1113 4017 1257 4082 δραματικόι.
1273 4018 1339 4069 Qum

284 4089 313 4134 14
326 4087 400 4138 Dicto
409 4087 537 4154 splenos]
550 4091 602 4140 Mt.
613 4091 678 4142 dicte
688 4095 776 4156 epe-roe
813 4107 873 4142 mox
882 4101 1033 4159 sequuntur,
1049 4109 1082 4144 ex
1101 4095 1265 4144 collectaneis
1277 4094 1342 4158 regii

249 4157 328 4221 Mass.
344 4161 384 4213 ld.
813 4170 969 4234 exemplaris
979 4170 1114 4220 immutata
1123 4177 1190 4220 sust.
1204 4171 1241 4220 ld.
