2948 4890
363 391 542 441 nuurrnre
566 387 713 439 unrueu
740 389 1001 440 nreeeurerro.
1183 375 1227 446 ω

123 537 232 618 partim
246 543 355 607 netur,
369 535 472 614 purtim
488 532 554 613 ipre
567 531 736 593 emendavit
748 532 841 592 retio:
860 552 927 592 com
941 544 1039 594 tamen
1054 533 1119 594 sola
1133 533 1223 596 risum

123 633 297 695 lelicinsirne
323 641 482 692 moverent.
526 627 619 689 Novar
642 637 740 690 eutem
763 645 814 686 rex
840 629 1037 708 princepsque
1061 629 1225 694 Menander

123 731 195 790 luit:
209 729 298 808 cujus
311 745 452 807 expressa
464 727 562 806 inrogo
576 745 612 784 rc
625 725 738 804 effigies
753 724 918 784 Terentius.
953 724 1049 792 Quem
1063 745 1132 786 cum
1145 737 1224 788 uter·

126 845 184 904 que
198 824 377 904 accepisset,
398 823 603 903 Aristophanis
617 823 739 882 virtutes
754 822 811 882 hec
825 821 960 882 mercede
974 823 1118 901 expressit
1134 823 1223 884 Plau·

125 934 183 994 tus,
199 931 234 981 ut
248 940 305 981 nec
318 940 419 980 omnes
435 931 546 999 posset,
566 919 660 1000 (quod
676 928 705 980 et
720 919 830 1000 linguae
851 918 1015 992 diversius,
1029 933 1060 980 et
1074 920 1223 980 Romano-

126 1040 189 1080 rum
205 1019 302 1100 leger,
316 1031 346 1080 et
360 1031 501 1099 tempora,
516 1039 551 1080 ec
566 1018 860 1098 Rerumpublicarum
874 1018 948 1079 ratio
963 1019 1091 1092 uetabat,
1105 1019 1224 1080 rubleta

118 1116 182 1194 jam
195 1116 396 1178 maledicendi
409 1115 554 1188 libertate,
578 1135 645 1195 qum
665 1115 825 1196 precipua,
849 1113 930 1194 quod
945 1133 1030 1174 nemo
1046 1115 1150 1189 nescit,
1174 1125 1223 1178 τοῦ

123 1219 241 1288 ulaine
264 1233 334 1292 pars
358 1215 427 1288 eet)
450 1223 481 1273 et
504 1231 698 1292 quercumque
722 1212 752 1270 in
781 1211 979 1292 Aristophane
1002 1211 1179 1272 Plutarchus
1203 1231 1222 1274 s

123 1313 275 1386 communi
292 1309 506 1370 consuetudine
519 1307 659 1388 loquendi
674 1307 828 1368 abhorrere
843 1319 935 1380 notat,
955 1307 1102 1368 retineret.
1143 1307 1222 1370 Nem

123 1413 234 1466 elcard
246 1409 298 1467 τὸν
308 1405 446 1478 λεκτικὸν,
458 1415 492 1466 ut
503 1406 604 1466 Critici
619 1405 788 1484 loquuntur,
801 1409 848 1466 rel
861 1407 909 1466 τὸν
923 1416 968 1476 νῆν
980 1403 1106 1466 droroior
1119 1407 1221 1483 τρόπον

123 1505 273 1581 θυμελικὸν
287 1514 344 1575 etl,
368 1513 398 1562 et
412 1501 574 1574 theatralis,
599 1521 659 1563 non
673 1503 821 1574 πολιτικὸν,
846 1521 942 1582 neque
955 1507 990 1585 τῇ
1003 1507 1074 1563 rurd
1087 1506 1138 1574 τὴν
1148 1505 1221 1574 tlt·

124 1601 205 1658 dsrer
225 1598 292 1678 ἰδέᾳ
305 1598 457 1678 διαπρέπον·
480 1619 576 1680 neque
590 1601 730 1680 pauciore
743 1599 867 1672 eddidit,
888 1599 919 1658 in
942 1599 1049 1680 quibus
1064 1599 1135 1660 dum
1149 1599 1220 1660 ridi·

122 1695 209 1755 culus
222 1695 319 1756 rideri
332 1694 406 1768 rult,
428 1691 552 1776 lrlgidus
566 1715 602 1757 ac
615 1695 737 1758 odiosus
751 1695 795 1770 tit,
815 1695 897 1778 quod
921 1713 982 1757 non
996 1705 1140 1768 nostrum,
1164 1693 1219 1757 sed

125 1791 240 1851 Horatii
255 1790 401 1871 judicium
422 1801 478 1864 ert,
499 1801 530 1852 et
551 1792 679 1857 Donati:
701 1811 776 1873 quor
796 1803 937 1872 utrosque
960 1801 1106 1854 emuncta
1130 1793 1219 1866 narie,

123 1897 264 1966 utrosque
278 1887 454 1948 criticorum
469 1887 578 1967 primos
593 1907 648 1950 suo
661 1897 792 1969 tempore
814 1889 917 1963 luisse,
938 1898 1065 1950 constet.
1105 1887 1166 1950 Sed
1188 1899 1220 1950 et

121 1985 151 2043 in
165 1983 310 2056 dicteriis,
324 1983 362 2045 de
371 2004 430 2064 quo
439 1984 502 2064 jem
515 1984 697 2059 dicebamus,
710 1985 752 2046 ito
762 1985 898 2046 Veterem
911 1985 1093 2046 Comoedium
1108 1985 1218 2046 emerit
1246 1971 1253 1982 ⁹

122 2079 259 2153 Plautus,
286 2091 318 2140 ut
342 2080 381 2140 ad
406 2100 471 2142 enm
495 2101 576 2162 soepe
598 2081 708 2156 flectet,
729 2093 761 2144 et
778 2081 859 2162 quod
873 2083 1020 2163 proprium
1034 2081 1064 2141 in
1078 2081 1129 2141 ille
1142 2093 1216 2152 erat,

122 2177 292 2252 ἐπωνύμων,
316 2186 347 2238 et
359 2195 499 2256 expresso
514 2178 642 2250 nomine,
658 2187 709 2238 out
722 2177 999 2250 circumscribendo,
1023 2197 1082 2238 non
1097 2187 1158 2238 tarn
1171 2175 1215 2237 ri·

120 2281 179 2333 tem
193 2273 358 2347 hominum,
372 2293 460 2353 quem
476 2273 622 2334 hominem
638 2273 825 2354 perstringet.
868 2273 950 2334 Utin
964 2271 1033 2334 illo:

202 2401 300 2463 Etiam
315 2401 479 2482 Epidicum,
494 2423 582 2484 quem
595 2423 652 2484 ego
667 2403 810 2464 Fabulam
820 2422 906 2482 reque
920 2421 955 2463 ec
966 2421 1012 2462 me
1026 2403 1122 2482 ipsum
1136 2419 1213 2478 arno,

199 2497 321 2558 Nullam
335 2519 420 2578 eque
432 2499 541 2562 inritus
556 2511 669 2581 specto,
688 2503 714 2561 ri
728 2521 793 2562 eam
808 2501 869 2582 agit
883 2499 987 2560 Pellio.

121 2640 178 2702 Sed
192 2651 222 2702 et
237 2641 440 2704 crudelireime
454 2644 601 2706 infelicem
616 2644 752 2706 Naevium
767 2646 862 2706 Milite
876 2646 1010 2726 excepit:

198 2773 276 2831 Nam
292 2791 326 2832 os
341 2773 540 2834 columnatum
555 2775 657 2834 Poetae
672 2776 769 2834 inesse
782 2775 881 2833 audiui
894 2775 1028 2845 herburo,

197 2867 254 2927 Cui
268 2867 328 2928 bini
344 2869 482 2932 custodes
497 2889 613 2949 semper
626 2870 695 2930 totis
709 2869 788 2929 horie
803 2869 957 2930 accubant.

119 3003 242 3065 Videtur
256 3005 358 3066 audire
373 3007 471 3066 κώδιον
487 3009 639 3088 Κρατίνου,
654 3017 764 3088 etque
779 3005 892 3084 relique
904 3005 934 3064 in
945 3005 1043 3064 Veteri
1058 3003 1212 3066 Comoedie

117 3112 283 3176 oceurmnt,
296 3103 349 3176 ὅση
363 3105 445 3164 κόνιν.
471 3104 547 3164 Nam
563 3101 601 3163 ad
614 3103 820 3184 Aristophanis
834 3105 864 3164 τὸ
879 3105 1003 3162 εὔθικτον
1015 3101 1123 3162 lmstra
1138 3121 1210 3162 eune

117 3197 266 3278 aspirarit.
308 3197 383 3266 Quis
396 3199 474 3260 eninr
488 3199 547 3261 riru
562 3219 622 3260 non
644 3199 790 3270 emoritur,
814 3219 883 3260 cum
897 3199 1081 3260 vinositetem
1097 3198 1209 3260 Cratini

116 3295 229 3377 excepit
244 3294 352 3356 lrenel

190 3425 237 3484 El.
257 3423 297 3483 ‘rt
311 3422 344 3484 dl
357 3425 494 3501 Κρατῖνον
508 3425 524 3482 ὁ
538 3426 621 3504 σοφόν
635 3425 732 3493 dorsu:
773 3425 828 3502 Τρ.
842 3422 1014 3496 Ἀπέθανον,

185 3520 255 3580 ''Od'
267 3521 294 3579 oi
307 3520 443 3582 Λάκωνες
455 3520 606 3596 ἐνέβαλον.
647 3521 692 3582 El.
705 3521 744 3581 Τί
757 3523 873 3594 ποθῦνς
908 3519 961 3600 Τρ.
975 3523 1028 3592 Ὀ,
1043 3539 1086 3590 ret

193 3616 358 3696 llprrrtlror
371 3622 416 3696 (ol
429 3623 486 3696 γὰρ
501 3619 679 3700 ἐξηνέσχετο)

190 3713 268 3775 'lter
281 3719 365 3777 πίθον
378 3716 591 3796 καταγνύμενον
603 3717 682 3776 οἶνον
695 3719 794 3776 πλέον.

112 3805 225 3873 idest:

189 3906 225 3966 P.
247 3907 373 3986 Sepiens
387 3917 485 3970 eutem
500 3909 639 3970 Cratinus
653 3907 727 3989 qnid
741 3905 828 3988 agitl
868 3905 927 3966 'l'm
942 3905 1036 3977 Obiit,

190 4003 268 4064 Cum
281 4002 416 4066 Leconer
428 4005 486 4068 huc
499 4007 651 4068 irruerent.
681 4005 716 4066 P.
731 4004 799 4074 Quo
813 3999 938 4064 morbo?
958 4001 1017 4062 Tu.
1032 3998 1124 4070 Quoi

189 4097 300 4160 Misere
314 4099 425 4180 pellere
438 4103 528 4184 coepit
539 4103 626 4182 (lerre
640 4103 718 4163 enim
730 4101 788 4161 hoc
802 4119 862 4160 non
877 4099 985 4180 potnit)

189 4192 300 4275 Frengi
312 4216 382 4258 cum
394 4197 507 4262 rideret
517 4201 585 4262 vino
597 4199 719 4280 plenum
734 4195 856 4258 dolium.
