2958 4892
267 357 334 426 202
502 453 510 466 ι
631 375 864 428 rnaucrsous
888 376 992 427 uuas

269 517 356 578 simul
372 525 509 580 coostm
523 518 608 578 metri
629 517 704 578 ratio
718 521 823 594 vetat)
843 519 900 579 utri
919 529 987 579 utra
1000 517 1097 580 locum
1112 519 1213 592 cedat,
1233 523 1365 602 ambiga-

269 625 336 684 tur:
357 615 515 688 interdum,
528 615 699 694 posthabita
712 615 797 674 metri
805 615 929 688 ratione,
941 627 1097 695 utramque
1108 615 1255 686 admittit:
1278 619 1366 680 inter-

269 710 340 774 dum
350 721 467 784 cosma,
480 709 651 790 irreptitiam
670 709 758 770 simul
772 729 840 770 cum
853 711 985 790 genuina
1006 710 1098 772 delet.
1138 712 1188 772 Sic
1212 732 1281 774 cum
1300 713 1365 774 huic

268 807 367 868 sessui
381 806 461 880 olim,

390 902 462 962 Sine
477 921 524 963 me
537 919 663 962 vacuum
675 909 793 981 tempus
807 901 941 981 nequod
961 899 1030 962 dem
1044 900 1126 976 mihi,

269 1015 375 1076 deesse
389 1013 500 1093 aliquid
515 1012 554 1074 ad
566 1023 690 1074 matrum
704 1013 818 1074 viderat
831 1014 979 1084 Muretus,
992 1033 1030 1074 ex
1043 1013 1216 1093 conjectura
1228 1015 1294 1076 dent
1305 1035 1367 1076 mu·

269 1111 343 1170 tavit
355 1109 386 1169 in
400 1109 502 1178 darn.-
523 1109 654 1169 Fabrnus
676 1119 775 1170 autem
789 1128 806 1169 e
819 1108 889 1170 cod.
908 1109 1012 1170 bamb.
1026 1127 1081 1190 pro
1103 1127 1224 1170 ancum
1237 1114 1368 1190 reposuit

269 1208 415 1268 accim:
434 1203 588 1278 Heinsius,
602 1213 707 1266 contra
730 1213 865 1278 metrum,
890 1213 1044 1284 utramque
1066 1204 1154 1265 simul
1175 1206 1367 1268 mutationem

270 1301 397 1363 retinuit.
438 1299 718 1361 SicHeaut.1v.5.
734 1303 780 1362 19.
1023 1357 1037 1378 ,

352 1396 441 1467 Quod
455 1397 482 1458 ci
496 1416 529 1458 es
543 1395 712 1477 pollicitus:
734 1398 847 1476 garris:
868 1397 948 1459 unde
962 1397 1016 1458 idt
1037 1417 1055 1458 a
1069 1407 1120 1458 tuo
1135 1407 1229 1477 patre.

269 1513 338 1554 cum
351 1493 463 1573 aliquid
477 1504 571 1554 metro
586 1513 741 1574 superesse
755 1493 1034 1575 deprehenderetur,
1049 1493 1184 1555 Muretus
1200 1513 1237 1553 ex
1248 1494 1367 1579 ingenio

271 1611 326 1653 suo
351 1591 462 1654 delerit
483 1611 585 1654 vocem
600 1601 661 1665 tao,
684 1593 816 1652 Fadrnus
838 1613 875 1654 ea
900 1591 1073 1652 auctoritate
1099 1591 1174 1650 Mas.
1190 1587 1368 1662 delevisti,-

270 1687 362 1748 editio
378 1687 541 1748 lleinsiana
553 1697 708 1766 utramque
722 1706 825 1748 vocam
840 1687 970 1760 sustulit,
980 1695 1074 1746 metro
1087 1705 1188 1745 rursus
1196 1685 1367 1766 depravato.

272 1779 361 1852 Quod
384 1783 517 1864 pluribus
532 1784 563 1842 in
587 1782 660 1844 locis
674 1783 735 1842 fieri
750 1783 870 1856 videbit,
885 1784 1062 1864 quicumque
1077 1781 1223 1842 editiones
1248 1781 1367 1856 Mureti,

271 1877 387 1950 Faerni,
402 1889 490 1958 atque
505 1878 619 1940 Heiusii
639 1877 764 1940 invicem
784 1879 917 1940 conicere
938 1897 1035 1959 operm
1056 1879 1181 1958 pretium
1204 1877 1269 1938 iore
1293 1878 1368 1938 exis·

273 1973 398 2034 timebit.

666 2133 975 2180 *m

585 2295 804 2350 Fuauctscus
823 2295 932 2363 HARE,
947 2297 974 2348 S·
984 2298 1013 2348 Τ.
1025 2297 1054 2348 Ρ.

508 2457 583 2526 na
615 2455 837 2540 mannis
871 2453 1134 2522 comcrs.

312 2637 463 2712 Quicum
488 2643 586 2704 imetu
604 2644 703 2723 legere
716 2643 798 2715 velit,
821 2661 890 2721 quae
911 2639 949 2701 de
969 2642 1070 2702 metris
1094 2637 1216 2700 comicis
1236 2637 1367 2700 dicturus

275 2757 351 2812 aum,
370 2739 459 2800 domo
480 2739 582 2802 afferat
602 2749 719 2820 oportet
744 2758 843 2800 eorum
870 2737 1080 2818 cognitionem,
1102 2735 1216 2814 quaein
1240 2733 1367 2812 vulgatis

272 2836 410 2896 carminis
425 2835 574 2897 condendi
596 2835 707 2916 regulis
722 2835 928 2904 continentum
949 2853 1045 2912 neque
1060 2831 1138 2891 enim
1160 2831 1253 2910 prima
1267 2847 1368 2910 proso·

273 2929 331 2991 dia
346 2930 493 2991 elementa
506 2930 621 2992 tradere
644 2931 731 3012 hujus
746 2929 872 2990 instituti
893 2939 949 2988 est.
991 2928 1050 2998 Qui
1065 2927 1100 2988 iis
1123 2927 1227 2987 leviter
1239 2925 1367 2985 imbutus

272 3037 329 3099 est,
344 3026 426 3086 novit
447 3027 566 3086 brevem
580 3027 724 3106 syllabam
745 3025 832 3086 unius
847 3045 912 3087 esse
926 3025 1076 3106 temporis,
1090 3024 1207 3102 longam
1223 3021 1367 3086 duorum;

271 3121 364 3200 pedes
379 3132 476 3180 autem
491 3141 528 3180 es
552 3121 673 3200 syllabis
688 3123 843 3203 componi:
877 3133 907 3183 et
929 3141 966 3185 ex
987 3121 1022 3180 iis
1047 3139 1138 3180 unum
1163 3137 1230 3178 esse
1244 3116 1368 3176 duorum

273 3225 450 3296 temporum,
475 3215 671 3295 pyrrichium:
700 3227 760 3278 tres
783 3219 880 3289 trium,
906 3217 1078 3289 trochaeum,
1100 3216 1241 3286 iambum,
1265 3213 1368 3272 tribra-

273 3310 371 3391 chyns
402 3321 528 3391 quatuor
555 3321 719 3392 temporum
744 3326 880 3394 quatuor,
904 3313 1090 3394 spondoeum,
1110 3310 1271 3390 dactylum,
1297 3327 1368 3367 ana-

273 3419 412 3488 pastum,
436 3417 466 3467 et
480 3408 722 3490 amphibrachyn,
750 3409 816 3488 (sed
832 3411 879 3472 hic
893 3411 1013 3472 ultimus
1027 3409 1065 3470 ad
1085 3418 1178 3469 metra
1192 3405 1368 3466 Terentiana

273 3501 468 3582 intelligenda
480 3522 599 3582 prorsus
614 3504 725 3565 inutilis
735 3509 758 3582 ς)
780 3517 838 3567 tres
853 3527 890 3568 ex
905 3507 1028 3588 pedibus
1042 3503 1222 3585 simplicibus
1238 3501 1368 3581 quinque

273 3609 448 3678 temporum,
470 3599 636 3673 bacchium,
661 3602 888 3676 antibacchium,
908 3613 939 3664 et
953 3602 1112 3669 creticum
1134 3618 1224 3659 unum
1240 3597 1368 3684 denique

274 3713 327 3756 sex
340 3713 407 3754 esse
422 3705 596 3774 temporum,
619 3715 724 3776 nempe
739 3697 920 3758 molossum:
943 3697 995 3758 sed
1011 3697 1041 3756 hi
1061 3705 1188 3776 quatuor
1202 3693 1241 3753 ad
1257 3692 1370 3774 paeoni·

274 3808 343 3852 eum
357 3809 452 3871 genus
467 3801 613 3870 spectant,
628 3791 666 3852 de
680 3812 740 3872 quo
754 3793 826 3854 nihil
837 3795 884 3856 hic
898 3794 1030 3854 dicturus
1045 3811 1121 3852 sum.
1262 3791 1266 3802 “

314 3886 359 3944 Ex
386 3885 498 3965 pedum
529 3885 757 3968 dissyllaborum
788 3890 986 3969 geminatione
1012 3888 1059 3949 vel
1086 3887 1294 3966 conjunctione
1315 3886 1374 3944 ori·

274 3989 363 4039 untur
383 3989 488 4053 metra,
509 4001 576 4060 qun
603 3983 702 4045 Graeci
727 3985 852 4047 btxobtm
879 4005 932 4047 seu
959 3988 1096 4062 σνξνγίαι
1117 3984 1227 4054 dixere,
1249 3999 1373 4040 numero

276 4073 415 4135 sedecim.

320 4172 345 4230 l.
376 4170 420 4230 Ex
452 4173 598 4252 pyrrichio
629 4177 778 4256 geminato
807 4179 840 4240 fit
870 4177 1161 4260 proceleusmaticus,
1190 4174 1376 4256 temporibus
