2958 4892
250 354 316 424 218
615 362 850 416 raauorrnue
872 363 976 414 ιιιιιιι

251 509 425 582 maranum.
439 505 1009 586 rncmunurnuunnegouuum.
1031 505 1339 587 miquuemunrne
1470 469 1471 472 Ὺ

251 607 322 668 meri
333 604 500 666 rebusmire
510 601 709 672 conveniuntr
729 621 850 664 munem
858 613 956 664 manen
973 603 1224 665 tantmrarietatie
1237 605 1344 685 opinor

251 705 330 764 bane
344 701 461 762 unicam
475 699 577 771 briaae,
599 707 633 758 ut
646 717 682 758 en
696 697 791 778 magia
801 699 891 779 po‘e'ta
904 699 1224 778 spectatorumanimor
1238 701 1343 760 ratioe-

252 809 297 860 ret
310 807 341 860 et
354 795 475 858 taedium
489 795 618 863 levaret:
638 813 707 856 oum
719 793 793 875 ipae
805 795 892 856 etiam
907 793 1047 856 orationir
1058 794 1178 856 virtuter
1191 795 1345 856 fmridium

252 893 379 978 pariant,
393 890 451 952 niei
465 889 560 972 gratio
572 889 721 952 varietati·
735 889 856 968 adjura.
890 888 1030 950 Gaudent
1043 889 1121 950 enim
1134 909 1237 952 omnes
1250 891 1348 952 varie-

252 999 325 1063 tate,
348 997 390 1061 et,
412 988 490 1048 aiout
508 984 586 1046 oculi
600 985 780 1046 diversarum
799 993 923 1064 aspectu
937 1003 1032 1044 rerum
1045 984 1140 1066 magia
1165 983 1348 1060 detinentem,

253 1086 298 1146 ira
320 1103 405 1148 auree
429 1082 538 1146 crebris
560 1099 746 1142 numerorum
774 1091 863 1160 atque
886 1077 962 1140 adeo
975 1099 1112 1142 versuum
1133 1082 1347 1145 mutationibus

255 1181 447 1242 oblectantur.
503 1177 592 1246 Quod
616 1196 683 1238 oum
706 1177 799 1257 ipeiua
823 1175 998 1244 Quintiliani
1017 1175 1160 1255 judicium
1183 1176 1233 1250 sit,
1259 1178 1349 1240 miror

254 1276 383 1337 voiuieae
408 1271 643 1352 elegantissimae
667 1271 796 1332 Terentii
817 1271 946 1332 Fabulae
967 1271 1039 1332 eolir
1059 1272 1196 1334 trimetris
1211 1275 1348 1354 astringi,

254 1391 322 1432 cum
337 1381 367 1430 et
382 1369 440 1430 alia
451 1385 560 1448 genera
574 1367 633 1428 eint
642 1367 859 1442 renuetiraima,
873 1375 904 1428 et
914 1367 977 1428 eine
990 1366 1048 1427 iilia
1064 1367 1230 1447 gratissima
1243 1389 1348 1430 nume·
1470 1349 1471 1408 i

256 1486 354 1542 rorum
377 1466 503 1526 varietas
527 1465 623 1525 omnia
650 1463 711 1524 sera
729 1464 874 1546 periisset.
915 1463 994 1523 Hine
1015 1472 1061 1522 eet
1080 1461 1160 1542 quod
1185 1465 1215 1523 in
1240 1466 1350 1540 noenia,
1470 1457 1471 1504 i

255 1579 323 1642 quae
338 1581 375 1622 ex
389 1559 564 1622 tetrametrie
578 1557 650 1620 eolie
664 1568 814 1632 constant,
829 1559 937 1638 roepiue
952 1555 990 1618 de
1009 1555 1066 1618 aiio
1088 1577 1196 1638 genere
1212 1559 1252 1619 ad
1267 1560 1349 1622 aliud
1470 1619 1471 1632 ,

255 1655 414 1725 mannitur:
436 1653 490 1716 red
504 1653 561 1716 boc
576 1665 659 1715 tanto
670 1655 739 1715 iecit
747 1653 861 1734 jndicio
878 1653 1042 1728 Terentiae,
1055 1664 1089 1714 ut
1099 1657 1129 1714 in
1143 1653 1215 1735 ipsie
1230 1675 1350 1736 quoque

258 1751 473 1814 narrationibue
488 1749 527 1812 ad
549 1749 636 1811 aliam
654 1769 716 1812 rem
734 1751 876 1811 transitus
890 1749 977 1811 timul
990 1751 1052 1811 fiat.
1090 1749 1160 1813 vid.
1172 1753 1249 1814 Eun.
1264 1773 1305 1813 rr.
1320 1755 1349 1813 2.

257 1851 307 1908 2⁴.
322 1857 353 1908 et
368 1865 424 1908 ιιι.
440 1849 468 1906 5.
484 1851 533 1907 44.
577 1845 682 1906 Inhao
697 1843 1125 1926 deniquerereuumrarietate
1139 1843 1235 1908 Latini
1256 1849 1351 1908 secuti

258 1951 329 2004 runt
349 1941 482 2015 Grmeoe,
497 1939 595 2002 Groeci
617 1959 686 2002 vero
709 1951 854 2016 naturam,
875 1939 923 2001 eui
943 1959 1058 2021 semper
1071 1951 1157 2022 grate
1170 1953 1217 2004 eet
1236 1943 1351 2004 riciari-

258 2035 344 2099 tudo.

299 2129 388 2204 Quod
412 2133 451 2194 ad
473 2132 595 2194 alteram
609 2133 814 2213 questionem,
834 2149 887 2194 eur
901 2133 1080 2196 diversorum
1093 2153 1233 2216 generum
1247 2157 1351 2199 vernae

259 2229 411 2291 Terentius
419 2229 551 2304 misceat,
566 2239 596 2291 et
605 2249 683 2290 nune
694 2229 854 2290 trimetrum
865 2231 1049 2306 tetrametria,
1060 2251 1138 2294 nune
1149 2241 1351 2294 tetrametrum

260 2325 398 2388 trimetria
413 2326 533 2400 inserat,
547 2345 627 2387 nune
651 2325 682 2385 in
704 2323 829 2386 divertio
843 2335 1076 2388 tetrametrorum
1094 2329 1252 2408 generibus
1273 2329 1352 2390 idem

259 2421 368 2491 faeiat:
390 2421 447 2482 hoo
461 2441 579 2502 quoque
602 2421 712 2481 sactum
731 2421 854 2481 arbitror
866 2421 905 2480 ob
919 2419 1038 2482 eaedem
1051 2423 1111 2485 sere
1124 2443 1241 2496 causas,
1266 2436 1299 2485 et
1318 2435 1352 2486 ut
1470 2477 1471 2490 .

260 2515 292 2576 in
325 2513 528 2596 prolixioribus
562 2511 659 2576 acenir
688 2513 851 2576 dormitans
877 2513 971 2578 lector
996 2517 1035 2578 ad
1069 2537 1153 2580 aurea
1181 2521 1352 2601 arrigendae

262 2611 423 2680 'exciteturr
444 2609 498 2672 eed
523 2629 637 2691 semper
659 2611 819 2672 commodis
843 2609 873 2671 in
886 2609 971 2688 looir,
994 2623 1024 2674 et
1036 2613 1087 2674 ubi
1108 2633 1155 2676 ree
1173 2615 1238 2696 ipra
1258 2627 1355 2678 muta·

259 2707 356 2772 tionea
380 2705 525 2788 ejusmodi
546 2705 592 2768 rel
607 2705 731 2768 euadere
752 2706 799 2768 vel
814 2707 875 2789 pati
897 2709 1002 2770 saltem
1015 2709 1160 2771 rideatur.
1199 2711 1270 2772 Duo
1284 2733 1353 2774 vero

261 2821 380 2882 genera,
393 2803 474 2883 quod
493 2813 581 2866 antea
601 2805 710 2878 monui,
724 2814 784 2865 tam
808 2823 910 2885 parum
924 2807 999 2866 inter
1022 2825 1054 2866 ee
1069 2805 1191 2882 distant,
1205 2817 1239 2867 ut
1252 2827 1352 2870 eornm

260 2898 383 2958 mistura
409 2897 513 2960 merito
541 2897 623 2958 nulla
650 2899 764 2960 censeri
793 2898 910 2974 debeat,
934 2900 1115 2962 trochaicum
1142 2901 1210 2962 dico
1231 2913 1255 2965 t.
1268 2925 1298 2966 o.
1324 2915 1355 2966 et

260 2991 429 3053 iambicum.
455 3001 478 3054 t.
506 3001 584 3052 anat.
612 3013 680 3053 cum
711 2993 775 3053 noia
795 2993 870 3054 inter
897 3013 999 3056 venue
1026 3015 1078 3057 eoe
1112 2996 1278 3060 differentia
1305 3001 1353 3074 eit,

261 3087 342 3165 quod
371 3087 496 3146 aiterum
524 3087 562 3146 ab
584 3085 668 3146 initio
695 3085 769 3148 aiter
795 3107 857 3152 una
880 3088 995 3172 ryilaba
1021 3091 1070 3153 rel
1091 3093 1239 3174 remipede
1267 3114 1355 3156 exee-

262 3181 325 3241 det.
366 3181 465 3260 Atque
477 3179 543 3241 hee
561 3179 599 3242 de
613 3181 770 3244 trochaieir
793 3193 826 3245 et
846 3185 980 3247 iambicis
1001 3189 1157 3266 generibue
1180 3189 1261 3251 diota
1285 3193 1354 3253 rint.

263 3275 342 3336 Sunt
350 3293 419 3336 vero
429 3276 459 3337 in
467 3275 615 3338 veteribus
626 3277 765 3354 Cominio,
773 3281 964 3359 prmterbeo,
973 3286 1108 3366 exempla
1117 3287 1253 3366 quedam
1264 3307 1356 3366 gene·

263 3370 407 3432 riaetiam
420 3371 559 3450 paeonici,
571 3391 673 3434 reram
696 3374 811 3438 scilieet
823 3377 975 3440 baechiaoi
996 3388 1027 3442 et
1039 3379 1157 3451 oretioir
1177 3401 1254 3462 quoe
1274 3384 1355 3464 apud

264 3467 405 3528 Plautum
418 3485 528 3547 magno
541 3487 663 3530 numero
685 3479 717 3530 et
734 3470 765 3532 in
784 3475 864 3535 omni
885 3475 945 3536 iere
959 3475 1075 3538 Fabula
1093 3476 1235 3552 inveniae,
1258 3479 1315 3540 red
1327 3481 1357 3540 irr

263 3563 403 3626 Terentio
426 3573 487 3626 tam
505 3565 694 3644 poenineat,
716 3575 751 3628 ut
773 3587 812 3628 ne
834 3569 887 3632 uni
910 3569 1030 3650 quidem
1052 3572 1170 3652 paginae
1196 3573 1358 3653 implendo

264 3661 435 3724 enffieient:
456 3660 616 3741 dequibus
630 3661 670 3724 ed
692 3662 760 3726 ioca
782 3683 838 3728 aua
851 3665 924 3728 eatis
937 3667 1009 3742 diri,
1027 3677 1062 3728 ut
1083 3668 1120 3728 iia
1140 3667 1189 3730 bie
1210 3669 1360 3733 immotam

262 3757 351 3840 plane
365 3776 615 3839 supervacaneum
629 3758 678 3822 eit.
1201 3823 1202 3826 ,

305 3854 403 3934 Pergo
416 3855 504 3935 igitur
522 3855 562 3918 ud
582 3855 704 3920 alteram
724 3855 812 3938 bujoe
835 3857 962 3922 inetimti
980 3869 1244 3941 parumcunque
1268 3863 1361 3945 longe

264 3948 477 4026 difficillimam,
503 3951 543 4012 de
566 3951 690 4014 lieentiie
709 3952 817 4026 dicere,
840 3955 947 4035 quibua
961 3965 1075 4018 reteree
1090 3957 1204 4018 Comici
1217 3959 1265 4019 uri
1280 3975 1363 4035 eunt,

265 4061 424 4125 earumque
437 4046 543 4108 mador
565 4059 596 4108 et
622 4049 750 4112 rationes
773 4070 931 4133 exponere.
970 4053 1007 4114 ln
1028 4052 1365 4136 quiburliatelligendia

262 4157 333 4200 eom
347 4139 475 4203 uiderem
496 4159 544 4204 mo
567 4161 671 4224 perun
691 4143 824 4226 adjutum
838 4167 856 4212 a
869 4149 911 4212 rei
923 4149 1052 4212 metrice
1068 4149 1271 4231 wiptombua,
1286 4173 1365 4234 quo-
