3012 4892
269 365 313 431 18
716 377 925 432 russeum.

267 528 363 610 parte
378 528 520 600 tantum,
533 527 572 588 nt
585 522 646 606 qui
659 521 726 589 flde
739 523 831 588 haud
845 521 1094 606 comparandus
1107 521 1273 588 videretur
1287 539 1359 590 esse

268 626 377 704 alteri,
388 627 642 690 membranaceo
655 625 789 709 quidem
805 625 854 690 illi
867 624 963 710 (nam
976 625 1062 690 alter
1074 622 1298 707 chartaceus),
1311 641 1360 688 re·

268 728 407 812 scripto,
416 727 657 812 judicibusque
668 727 820 810 langero
834 735 872 792 et
885 727 1043 806 Brunsio,
1057 727 1139 792 viris
1152 725 1359 800 ehrissimis,

268 847 375 894 annos
399 828 523 894 abhinc
546 829 679 894 circiter
706 833 885 894 sexcentos
911 837 1065 894 exarato.
1120 828 1271 912 Inspexit
1293 825 1361 890 dno

268 928 552 1014 Guelferbytanus
567 930 618 994 vir
632 929 865 1007 doctissimus,
876 928 1057 1008 Graeculus,
1069 927 1359 1004 Helmstadiensis,

268 1031 311 1096 de
333 1050 401 1116 qno
422 1032 505 1096 bene
526 1049 663 1115 sperare
685 1031 854 1096 literatum
877 1031 983 1115 jubeo
1004 1031 1252 1115 rempublicam.
1296 1029 1360 1094 Be-

267 1133 483 1199 rotinensiam
497 1139 532 1197 et
545 1132 626 1196 libri
648 1132 944 1211 Helmstadiensis,
959 1133 1004 1196 ab
1018 1130 1203 1196 Academia
1215 1131 1238 1196 J
1240 1131 1309 1195 ulia
1322 1131 1361 1194 li·

266 1234 423 1299 beraliter
435 1233 535 1298 nobis
545 1232 795 1311 communicati,
806 1234 957 1316 potiores
972 1233 1138 1308 lectiones
1148 1233 1216 1316 ipsi
1224 1249 1361 1326 excerp·

267 1332 385 1414 simus,
411 1337 528 1418 itaque
549 1335 704 1400 instructi
723 1336 767 1398 ab
795 1336 946 1400 externis
968 1333 1143 1412 subsidiis,
1159 1335 1215 1398 via
1236 1334 1361 1410 critica,

267 1455 369 1522 quam
380 1436 522 1501 munivit
535 1434 705 1500 Ricardns
714 1436 903 1516 Bentleius,
912 1437 1019 1502 tutius
1029 1436 1101 1518 Jam
1112 1435 1363 1517 ingressiquic·
1475 1523 1479 1528 ⁸

267 1537 351 1622 quirl
363 1537 457 1602 dedit
471 1538 522 1602 vir
536 1535 596 1602 ille
609 1538 886 1622 incomparabilis
900 1539 1077 1603 manifesto
1091 1537 1210 1601 melius
1220 1536 1362 1617 vulgatis

268 1645 304 1704 et
325 1639 424 1723 qnasi
445 1645 543 1704 arna
556 1657 692 1704 omnem
706 1639 862 1705 lectionis
875 1645 909 1704 ot
925 1639 1133 1722 conjecturas
1149 1637 1255 1702 ιιΙοαιιι
1269 1637 1361 1721 posi·

268 1748 353 1819 tum,
375 1742 479 1806 tacite
492 1740 561 1806 fere
582 1741 619 1804 id
640 1742 847 1824 recepimue3
870 1741 930 1806 uhi
944 1740 1085 1806 dubium
1097 1739 1249 1804 relietum
1263 1745 1360 1816 esset,

266 1841 468 1919 monuimus,
482 1843 717 1906 succurrimus.

311 1943 543 2024 Designantur
554 1943 632 2008 libri
647 1942 766 2026 scripti
779 1943 884 2010 literis
896 1943 930 2010 A
945 1943 975 2008 B
991 1942 1019 2008 C
1034 1941 1102 2008 Gn.
1111 1943 1142 2007 l.
1151 1941 1258 2008 Gar-2.
1281 1939 1361 2006 Hel

268 2043 421 2123 Quorum
429 2043 498 2108 (luo
512 2043 751 2109 Berolinenses
760 2047 1005 2111 membranacei
1020 2053 1109 2124 sunt,
1122 2061 1303 2126 eorumque
1313 2041 1362 2106 al·

266 2152 319 2210 ter
332 2144 535 2208 nitidissime
550 2146 709 2228 scriptus,
729 2147 814 2212 alter
828 2149 986 2214 continue
996 2149 1193 2230 lacerosque
1206 2145 1241 2210 in
1254 2151 1363 2210 extre·

267 2265 325 2310 ma
346 2244 431 2326 tine3
461 2245 581 2310 tertius
602 2265 681 2310 vero
708 2245 975 2314 Berolinensium
997 2249 1193 2314 chartaceus
1214 2253 1277 2324 est,
1303 2246 1362 2329 qni

267 2345 404 2432 quidem
418 2345 453 2410 iu
467 2345 611 2428 Regiam
625 2348 867 2415 bibliothecam
882 2351 975 2414 venit
987 2369 1032 2414 ex
1051 2349 1187 2431 Georgii
1202 2346 1361 2422 Fabricii,

267 2463 462 2530 quanquam
477 2447 563 2510 alius
577 2448 609 2510 is
622 2447 710 2512 liber
724 2449 844 2515 codice
866 2450 1017 2534 ejusdem
1041 2450 1188 2514 Fabricii
1201 2449 1270 2525 illo,
1292 2465 1362 2529 qno

266 2565 350 2612 usus
372 2553 427 2610 eat
449 2545 644 2614 Bentleius.
667 2547 793 2628 Italici,
815 2559 856 2616 ιιι
877 2551 1019 2630 videtur,
1041 2556 1106 2616 tres
1129 2551 1204 2616 libri
1226 2565 1361 2614 omnes.

267 2647 388 2730 quibus
402 2645 445 2710 do
458 2645 525 2711 fide
537 2666 578 2712 ac
592 2648 743 2714 bonitate
755 2651 937 2718 lectionum
951 2651 1041 2718 hand
1054 2652 1206 2718 concedit
1221 2666 1361 2734 apogra-

268 2748 371 2834 phum
387 2747 676 2816 Helmstcdiense.

500 2877 521 2918 1
650 2877 672 2918 1
804 2877 825 2920 Ι
956 2877 978 2920 1
1107 2882 1128 2924 t

678 3056 1074 3104 m&

467 3227 729 3296 EXCERPTA
764 3232 795 3296 E
832 3233 1162 3302 PRAEFATIONE

545 3345 590 3409 ll.
613 3344 764 3412 PAULI
784 3347 883 3416 JAG.
905 3351 1080 3418 BRUNS.

267 3493 354 3575 Qus
368 3496 501 3565 fortuna
513 3520 743 3585 sepenumero
758 3505 793 3568 in
807 3506 1024 3574 bibliothecis
1040 3529 1130 3575 ame
1152 3511 1361 3595 perlustratis

264 3595 375 3661 adhuc
389 3617 469 3663 usus
484 3617 571 3678 sum,
596 3607 633 3667 ut
657 3603 823 3670 literamm
846 3616 1064 3676 monumenta
1078 3611 1160 3676 viris
1181 3611 1291 3678 doctis
1306 3611 1359 3678 vel

263 3697 365 3781 plane
379 3717 445 3762 non
460 3700 516 3764 vel
530 3719 597 3766 non
623 3704 709 3768 satis
739 3707 872 3790 cognita
895 3709 1091 3789 invenirem,
1114 3711 1250 3777 mudena
1275 3712 1358 3777 mihi

264 3798 380 3878 Halae,
395 3804 573 3884 postquam
587 3803 642 3868 hic
666 3805 777 3871 sedem
793 3807 865 3886 fixi,
880 3810 1049 3893 ohtiffl'sse,
1064 3813 1198 3877 omnino
1212 3811 1356 3894 gaudeo.

264 3899 304 3964 In
319 3901 524 3968 bibliotheca
540 3901 705 3986 Mariana,
728 3927 831 3990 quam
852 3929 969 3976 mense
983 3911 1088 3977 Junio
1101 3913 1259 3996 praeteriti
1281 3913 1360 3978 anni

263 4000 406 4084 primum
421 4003 502 4084 adii,
531 4023 553 4070 a
580 4005 779 4074 doctissimo
805 4015 839 4075 et
866 4011 1106 4078 humanissimo
1128 4012 1203 4098 ejus
1218 4013 1359 4078 custode

265 4097 418 4180 Komme,
434 4103 528 4170 Med
544 4105 588 4170 D.
603 4107 690 4172 etP.
706 4109 748 4174 Ρ.
764 4109 806 4173 0.
821 4111 903 4178 muln
913 4113 1153 4180 ostendebatur
1166 4113 1278 4179 codex
1290 4111 1357 4184 Go-

264 4201 460 4270 moediamm
475 4205 622 4274 Terentii
642 4213 926 4296 membranaceus,
941 4235 1041 4301 quem
1056 4215 1106 4282 ibi
1122 4215 1286 4282 asservari
1307 4215 1357 4298 ig·
