3012 4892
587 411 795 464 runrrrro.
1191 401 1234 464 19

128 554 303 620 noruhnm.
341 551 436 620 Nara
450 571 555 637 nequo
568 554 683 636 nuperi
699 554 772 638 ejus
782 551 928 618 editores
941 555 983 620 cl.
996 553 1232 622 Schmiedcra.

132 656 235 719 179⁴.
249 661 285 719 et
299 655 344 720 cl.
370 653 480 720 Bothe
494 654 589 718 1666.
610 673 721 737 neque
747 653 817 731 alii,
847 657 1007 738 quiante
1032 658 1117 722 istos
1140 659 1231 724 viros

132 754 353 820 doctissimos
367 757 411 821 de
432 756 587 822 Terentio
600 755 732 820 edendo
755 763 788 821 et
811 755 1008 822 illustrando
1023 759 1231 824 benemeriti

134 863 226 934 sunt,
240 857 394 923 codicem
409 856 596 922 laudarunt.
640 856 783 920 Botbius
798 877 859 922 sex
874 858 1009 924 codices
1020 861 1230 944 manuscrip-

132 966 202 1036 tos,
217 977 340 1041 nempe
368 963 435 1022 tres
464 957 711 1035 Berolineuses,
737 957 821 1022 duos
846 957 1172 1044 Guelpherhytanos,
1198 967 1233 1026 ct

133 1079 240 1124 nuum
257 1059 566 1124 Helmstadiensem
577 1058 620 1124 ad
630 1057 858 1124 adornandam
872 1057 1051 1124 editionem
1064 1081 1159 1126 suam
1172 1060 1232 1126 ad·

133 1161 256 1226 hibuit.
302 1159 383 1226 Non
398 1161 499 1224 credo
516 1159 701 1226 Halensem
716 1159 889 1243 despectui
905 1159 938 1224 ei
953 1160 1098 1224 loturum
1113 1161 1231 1240 icisse,

134 1262 163 1326 ni
177 1263 221 1326 de
234 1280 280 1324 eo
294 1259 423 1343 aliquid
436 1259 537 1324 tendo
552 1261 747 1326 audivisset.
792 1261 915 1326 Extare
941 1261 1094 1326 codicem
1108 1262 1233 1328 Teren·

135 1362 174 1426 tii
191 1361 300 1426 ΗιΙω
313 1361 350 1424 iu
364 1360 581 1438 bibliotheca,
597 1381 672 1448 quse
685 1370 738 1426 est
759 1361 913 1448 ecclesiae
938 1363 974 1426 S.
991 1362 1122 1442 Mariae,
1147 1364 1233 1429 indi-

134 1471 252 1528 carunt
266 1461 423 1526 Stiehritz
436 1462 473 1526 in
488 1462 643 1546 Epitome
659 1464 909 1548 Descriptionis
924 1464 1051 1530 Circuli
1078 1465 1194 1532 Seiani
1210 1484 1232 1530 a

135 1562 373 1648 Dreyhauptio
398 1565 600 1648 conscriptae
625 1565 668 1630 Τ.
684 1582 726 1632 11.
750 1587 784 1650 p.
798 1567 875 1632 293.
898 1586 1089 1652 quanquam
1111 1571 1233 1650 praeter

136 1666 295 1730 notitiam
309 1669 427 1730 extare
448 1664 495 1730 ibi
517 1665 666 1730 Terentii
695 1667 847 1732 codicem
862 1669 1148 1734 membranaceum
1162 1669 1231 1732 tto.

135 1767 218 1832 nihil
230 1767 355 1844 abolit,
368 1771 401 1831 et
412 1785 529 1832 oeneor
542 1765 699 1830 editionis
707 1767 983 1834 Schmiederianre
998 1769 1033 1833 in
1041 1767 1233 1852 Ephemeri·

137 1868 235 1932 dihns
251 1868 425 1934 litorariis
437 1867 634 1948 Catholicis,
650 1866 864 1954 (Aligerneirre
880 1868 1014 1934 Literni.
1028 1865 1229 1956 zeitrrugNo.

137 1969 213 2036 327.
226 1968 309 2034 Vol.
324 1987 376 2035 ru.
401 1990 437 2054 p.
450 1967 522 2054 37.)
543 1971 601 2054 qni
624 1977 763 2036 annotat
784 1979 986 2054 apparatum
1010 1971 1162 2037 criticum
1187 1972 1232 2037 ab

136 2071 266 2136 editore
280 2071 468 2154 neglectum
482 2091 568 2148 esse,
580 2089 772 2155 quanquam
788 2071 889 2138 Halae
903 2072 1013 2138 codex
1028 2071 1096 2138 his.
1107 2071 1232 2136 Teren·

137 2173 175 2237 tii
189 2173 395 2256 reperiatur..
424 2172 522 2238 Binis
537 2171 591 2236 bis
614 2173 758 2238 testibus
773 2175 926 2258 exceptis
949 2175 1061 2240 nullus
1082 2173 1162 2238 mihi
1182 2174 1232 2238 in·

137 2274 257 2352 notuit,
273 2274 334 2358 qui
348 2274 501 2338 codicem
516 2273 679 2342 laudarit.

179 2375 386 2458 Priusquam
402 2377 592 2455 consilium,
604 2378 695 2462 qnod
709 2380 745 2443 in
765 2379 831 2444 boc
844 2397 946 2462 opere
960 2379 1031 2456 inii,
1041 2377 1232 2442 accuratius

19 2485 27 2502 “
137 2475 295 2554 indicem,
310 2476 437 2542 codicis
451 2477 639 2558 historiam,
653 2479 811 2558 indolem,
824 2481 1069 2564 antiquitatem,
1097 2487 1133 2542 et
1147 2497 1233 2562 pree·

138 2579 293 2642 rmntiam
315 2577 516 2642 describam.
571 2579 650 2646 Fuit
675 2581 810 2665 quidem
832 2581 953 2658 codex,
977 2589 1015 2645 ut
1042 2599 1088 2644 ex
1112 2579 1234 2644 notitia

136 2677 281 2763 praelixa
295 2686 426 2742 certum
439 2683 503 2756 est,
527 2679 607 2744 olim
630 2682 802 2764 peculium
832 2681 974 2746 Henrici
1001 2679 1233 2762 Ellenbergeri,

136 2781 307 2863 utriusque
324 2779 507 2844 Medicina·
520 2779 694 2860 Deciens,
715 2788 750 2846 et
766 2781 935 2847 Archiatri
950 2781 1119 2864 quondam
1141 2797 1234 2844 reve-

136 2881 334 2946 rendissimi
361 2901 403 2946 ac
426 2883 629 2948 serenissimi
652 2883 819 2966 principis
846 2881 1026 2946 Christiani
1048 2879 1234 2958 Wilhelmi,

136 2978 400 3064 Archiepiscopi
421 2982 689 3065 Magdeburgici,
717 2983 775 3066 qni
797 2980 981 3048 secundum
1008 2981 1233 3046 Stiebritzium

137 3082 250 3148 l.c.T.
261 3081 414 3166 r.p.19b.
422 3090 458 3147 et
467 3083 806 3167 manuducentem
816 3083 1126 3168 archiepiscopatus
1135 3101 1233 3148 erec·

140 3189 193 3248 tus
208 3183 749 3252 esta.1609.mortuusa.1665.
793 3186 849 3250 Ex
873 3185 1096 3270 Ellenbergeri
1117 3201 1233 3268 nempe

139 3286 194 3350 avi
210 3286 267 3349 sui
280 3285 422 3350 materni
443 3285 651 3351 bibliotheca
671 3287 825 3352 codicem
838 3287 903 3350 sibi
918 3287 1124 3370 comparavit
1136 3293 1168 3352 et
1182 3287 1244 3376 bi<

139 3386 316 3452 hliothecse
330 3387 450 3470 petrice
466 3387 580 3453 inferri
593 3389 724 3454 curavit
736 3387 897 3454 Melchior
910 3387 1032 3466 Redel,
1042 3387 1160 3452 consul
1174 3407 1235 3470 pa-

139 3489 223 3566 triae,
237 3489 305 3553 hoc
318 3508 453 3554 munere
467 3489 605 3556 iunctus
620 3510 653 3558 a.
668 3490 884 3557 1667..1ffl0.
901 3497 937 3554 et
949 3495 1100 3555 mortuus
1115 3489 1213 3554 1691.

181 3588 344 3658 Continet
357 3591 467 3656 codex
482 3591 630 3676 scriptus
654 3593 689 3656 in
710 3593 902 3656 membrana
916 3591 1001 3656 satis
1017 3609 1143 3668 cressa,
1166 3589 1233 3653 ior·

141 3710 209 3768 ma,
226 3710 328 3776 quem
344 3698 479 3771 vocant,
501 3693 605 3757 ‘tolio
627 3692 769 3772 minori,'
786 3694 821 3758 in
843 3693 1076 3776 quaterniones
1095 3691 1234 3773 compli-

139 3797 227 3869 cata,
239 3791 386 3857 Terentii
401 3791 595 3858 Comoedias
607 3795 783 3873 sex,nullo
797 3813 953 3860 versuum
965 3792 1146 3858 interstitio
1161 3792 1234 3856 sive

135 3893 259 3976 junctis
269 3893 432 3974 versibus,
459 3901 582 3978 preter
595 3903 823 3979 argumentum
836 3903 871 3962 et
884 3897 1058 3980 prologum
1082 3889 1233 3970 Aeone,

141 3993 316 4078 prologum
340 3993 504 4074 Eunuchi,
528 4003 631 4080 atque
661 3995 849 4063 Heautont.
874 3996 953 4063 Act.
969 4013 1011 4060 11.
1037 3994 1095 4059 Sc.
1110 3993 1142 4058 t.
1164 4009 1233 4056 sss.

141 4097 256 4160 1-14.
272 4116 351 4180 qum
366 4098 480 4163 omnia
492 4099 647 4164 versibus
661 4099 771 4165 divisa
783 4104 872 4163 suut.
917 4100 1085 4167 quenum
1099 4101 1234 4167 unicam

139 4197 352 4272 inEuuucbo
372 4198 503 4266 videsis
528 4219 604 4284 pag.
619 4200 805 4272 224-232.
821 4200 924 4285 hujus
943 4219 1040 4268 uovae
1067 4201 1231 4272 editionis.
