2958 4892
253 345 320 414 22⁰
618 354 848 410 rasuorsous
872 357 976 408 usna

252 513 283 566 et
296 501 437 563 adverbia·
447 521 506 562 nou
521 519 631 581 pauca:
654 519 751 573 nemo,
774 500 903 580 inquam,
924 507 980 572 ert,
995 497 1117 578 quinon
1133 500 1224 561 sentit
1241 501 1343 584 hujus·

252 599 333 662 modi
345 600 434 660 verba
446 597 664 677 quodammodo
683 595 859 676 precipitari
880 603 912 654 et
934 593 1023 653 nimia
1043 593 1192 656 celeritate
1207 597 1293 666 lenti:
1315 601 1345 659 in

252 694 347 755 verbis
360 694 448 754 etiam
463 694 509 754 vel
532 693 749 772 prolixioribus,
764 691 808 751 vel
823 691 947 750 durioris
962 690 1037 763 soni,
1056 711 1181 770 quaque
1195 691 1345 754 difficilior

252 789 451 869 proferuntur,
473 789 573 850 baras
597 788 671 848 alias
693 787 825 859 emolliri,
840 787 913 846 aliea
937 785 1248 867 suppurationemque
1271 789 1346 852 alias

253 885 284 946 in
298 884 406 958 medio,
419 884 492 945 alias
506 885 536 944 io
550 885 609 944 line
624 883 739 964 syllaba
752 883 890 956 truncari,
904 901 1047 961 serasque
1061 882 1238 962 syllabarum
1251 904 1346 963 quan-

253 981 353 1042 titates
366 981 438 1040 mire
452 980 574 1060 corripi;
595 979 694 1040 multis
708 977 834 1058 denique
848 977 944 1038 modis
958 979 1035 1038 effici
1048 987 1180 1057 utquam
1194 981 1347 1041 minimum

254 1076 393 1155 temporis
415 1075 491 1136 inter
514 1074 764 1138 confabulandum
777 1075 872 1135 uerbis
894 1073 1075 1154 proferendis
1095 1075 1271 1148 insumatur,
1290 1075 1346 1134 nisi

255 1172 306 1232 ubi
319 1170 679 1250 vehementiorloqucntia
693 1170 828 1243 affectus,
852 1179 904 1230 aut
926 1170 967 1230 rai
988 1169 1027 1229 de
1049 1189 1109 1248 qua
1131 1170 1228 1250 agitur
1242 1177 1348 1232 natura'
1462 1251 1463 1264 ἶ

255 1268 396 1348 postulet,
410 1276 444 1328 ut
457 1268 487 1326 in
500 1267 557 1328 hoo
571 1267 618 1328 vel
632 1268 683 1327 illo
697 1269 786 1328 verbo
800 1265 943 1346 insignior
956 1283 1038 1326 mora
1050 1266 1111 1324 liat.
1462 1321 1463 1340 q

296 1363 328 1422 Si
343 1363 409 1442 quis
424 1362 499 1424 adeo
521 1362 625 1424 harum
646 1381 741 1423 rerum
756 1362 922 1422 incuriosus
936 1369 992 1435 est,
1014 1369 1047 1420 nt
1069 1360 1141 1420 nibil
1162 1380 1294 1441 unquam
1309 1359 1346 1422 de
1462 1375 1463 1414 ι

255 1457 491 1538 pronuntiatione
515 1457 625 1537 linguar
652 1458 706 1518 ribi
720 1457 884 1518 vernaculas
898 1455 1044 1536 cogitarit,
1066 1455 1139 1535 quid
1152 1456 1239 1518 relirn
1259 1455 1347 1516 facile
1462 1451 1463 1528 ᾖ

257 1551 412 1631 intelliget,
433 1553 459 1613 si
482 1549 513 1611 in
538 1552 669 1612 animuin
688 1559 817 1625 revocet,
840 1550 912 1631 quid
933 1549 997 1630 ipss
1017 1551 1150 1624 senserit,
1172 1552 1198 1611 ri
1215 1569 1348 1632 unquam
1462 1583 1463 1618 ι

257 1645 393 1714 homines
406 1656 521 1708 exteros
536 1647 661 1708 audierit
680 1666 814 1708 sermone
826 1647 979 1728 peregrino
993 1655 1024 1708 et
1036 1645 1092 1706 sibi
1105 1665 1225 1726 prorsus
1243 1647 1348 1726 ignoto
1462 1635 1463 1666 ³

257 1741 481 1821 colloquentes:
504 1761 602 1804 nonne
622 1743 679 1822 ipsi
694 1743 831 1804 visisunt
849 1743 928 1802 miris
943 1742 1037 1803 modis
1051 1745 1140 1803 verba
1151 1742 1348 1823 praecipitare,
1462 1787 1463 1828 3

256 1836 396 1908 incidere,
411 1836 562 1910 devorare,
586 1849 617 1898 et
638 1837 791 1898 dimidiata
812 1837 937 1918 plurima
959 1839 1097 1916 prolerre,
1118 1849 1152 1897 ut
1175 1838 1246 1897 nihil
1261 1837 1349 1916 plane

258 1940 290 1996 et
302 1929 441 1992 distincte
455 1931 588 1992 exaudiri
610 1932 760 2014 potuer-iti
787 1933 879 1993 lrnrno
902 1931 953 2010 qui
974 1941 1097 1992 eatenus
1110 1933 1243 2012 ling-uam
1256 1933 1351 1992 exoti-

258 2045 325 2091 oont
338 2035 450 2100 tenent,
473 2037 507 2088 ut
520 2029 629 2108 scripta
641 2029 734 2090 eculin
755 2029 888 2108 subjecta
902 2029 993 2107 probe
1007 2027 1183 2106 intelligant,
1203 2027 1262 2087 illis
1277 2028 1350 2106 ipris

259 2121 393 2184 homines
408 2122 510 2202 linqua
530 2125 588 2184 ista
601 2124 825 2185 confabulantes
850 2133 934 2182 mota
955 2122 1103 2182 celeritate
1117 2124 1205 2182 verba
1225 2122 1350 2182 lundene

258 2217 405 2293 ridentur,
431 2229 464 2280 ut
489 2237 549 2280 non
573 2219 663 2280 ruodo
689 2219 793 2292 literae,
817 2229 869 2278 aut
890 2217 1025 2298 syllaba,
1049 2215 1103 2276 aed
1125 2216 1240 2296 integre
1260 2218 1350 2278 etiarn

259 2315 347 2374 rerba
361 2333 439 2393 caspe
454 2333 505 2374 eos
528 2315 662 2393 fugiant:
683 2314 762 2394 quod
777 2333 846 2374 reno
861 2334 915 2375 uos
932 2314 970 2374 de
985 2313 1091 2373 extans
1111 2312 1349 2391 colloquentibus

260 2408 413 2478 sentimus,
431 2408 510 2468 idern
534 2409 576 2468 illi
590 2409 678 2468 etiarn
693 2409 731 2468 de
751 2409 846 2470 nobis.
887 2407 976 2478 Quod
990 2407 1120 2468 ostendit
1142 2408 1199 2468 boo
1214 2408 1350 2468 omnibus

259 2501 367 2580 linguis
382 2511 486 2564 natura
501 2503 618 2564 inritum
631 2521 710 2576 erae,
723 2513 756 2564 ot
777 2504 901 2564 celerius
922 2505 1114 2584 proterantur,
1136 2523 1224 2584 quarn
1246 2503 1351 2582 legan-

260 2603 317 2669 tur,
331 2615 398 2656 oum
412 2597 506 2657 multo
528 2617 595 2676 quun
614 2599 700 2678 plene
725 2597 902 2671 scribuntur,
922 2618 982 2659 non
996 2609 1093 2660 taruco
1114 2598 1201 2678 plene
1220 2617 1351 2678 pronun·

261 2691 389 2761 tieotort
411 2692 464 2754 ted
478 2693 560 2754 inter
577 2693 756 2774 loquendum
777 2693 836 2754 alia
856 2704 1024 2774 premantur
1045 2695 1172 2775 penitus,
1192 2693 1250 2753 alin
1264 2691 1351 2751 muti-

261 2787 368 2859 lentur,
383 2790 420 2848 ab
434 2789 499 2848 aliis
518 2791 613 2869 asperi
635 2789 745 2869 aliquid
759 2789 926 2860 abradatur,
950 2789 1013 2850 aluis
1028 2809 1082 2851 sua
1094 2790 1245 2869 quantitas
1259 2788 1351 2866 insig-

261 2885 337 2948 oiter
355 2884 559 2954 imminuaturt
592 2885 651 2946 alia
674 2885 802 2964 denique
821 2895 885 2948 taur
908 2885 1013 2967 raptim
1039 2885 1205 2955 efferantur.
1227 2894 1262 2944 nt
1289 2902 1349 2944 non

261 2979 351 3042 modo
373 2981 440 3042 dua
454 2991 549 3042 tresve
563 2980 699 3060 syllabae,
718 2981 772 3042 red
793 2981 939 3042 interdum
959 2982 1047 3042 etiarn
1068 2982 1128 3043 duo
1147 2981 1195 3042 rel
1218 2981 1273 3042 tria
1286 2999 1350 3040 uer-

261 3075 301 3140 bo
314 3077 343 3136 in
357 3095 446 3136 unum
461 3073 605 3136 coaluisse
619 3077 784 3138 uideantur.

304 3171 422 3232 Utbao
444 3170 655 3250 pronuntiandi
668 3174 741 3234 ratio
760 3173 790 3232 in
810 3191 902 3234 scena
921 3175 1009 3234 etiarn
1033 3181 1205 3244 servaretur,
1228 3189 1351 3231 necesse

262 3265 320 3330 trit
331 3277 365 3325 ut
378 3267 473 3344 poeitae
487 3266 516 3325 in
531 3267 661 3328 uorsibus
681 3268 905 3348 compingendir
926 3287 985 3328 non
1007 3279 1067 3328 tarn
1089 3277 1265 3348 spectarent,
1278 3265 1352 3344 qnid

263 3361 367 3426 oculus
381 3361 521 3440 postulet,
534 3381 622 3441 quoni
635 3363 708 3442 quid
729 3365 767 3423 ab
781 3384 851 3424 aure
865 3363 1066 3432 desideretur:
1087 3361 1262 3442 qualemque
1276 3363 1352 3440 pub*

262 3455 319 3524 lice
332 3457 443 3518 recitati
458 3475 563 3517 sonum
574 3457 706 3520 effecturi
720 3469 831 3532 errent,
852 3460 950 3538 potius
964 3476 1052 3540 quarn
1067 3477 1128 3538 qua
1139 3457 1238 3540 specie
1252 3463 1354 3518 essent

263 3551 352 3614 tacite
364 3553 443 3614 lecti.

304 3647 461 3710 flueren
475 3650 557 3729 origo
572 3661 660 3732 atque
673 3652 789 3726 unicus,
804 3654 917 3734 opinor,
935 3653 1005 3716 ,lons
1019 3651 1203 3714 licentiarum
1216 3649 1277 3710 lere
1291 3665 1353 3706 orn-

263 3743 354 3816 nium,
384 3765 451 3824 quaa
479 3745 509 3806 in
526 3759 659 3808 ¹veterum
681 3749 867 3809 Geminorum
898 3752 1014 3830 scriptis
1039 3755 1205 3817 occurrunt,
1225 3761 1354 3823 quaeqoe

263 3849 361 3900 tantas
376 3841 552 3902 offensiones
572 3843 712 3922 objiciunt
733 3844 892 3906 lectoribus
910 3847 1013 3906 harum
1036 3863 1131 3904 rerum
1152 3839 1304 3919 imperitis,
1324 3845 1357 3896 et

263 3933 385 4000 eruditis
399 3936 498 4009 ctiam,
512 3938 562 4016 qui
575 3951 684 4000 causas
705 3959 803 4000 earum
819 3941 993 4020 inuestigare
1008 3938 1210 4017 neglexerunt.
1242 3933 1355 3994 Ptere-
1462 4003 1463 4014 χ

264 4045 322 4104 que
335 4030 527 4092 enimomnes
547 4032 652 4095 eodem
672 4035 808 4109 tondunt,
832 4047 866 4097 ut
878 4055 962 4098 veras
977 4035 1155 4116 syllabarum
1170 4028 1356 4110 quantitates

263 4123 447 4204 itomiouout,
474 4137 504 4190 st
528 4130 675 4210 prosodias
701 4129 814 4212 legibus
833 4131 1027 4216 producenda
1046 4127 1219 4210 corripiant,
1238 4123 1356 4205 quoad
1462 4175 1463 4180 ,
