2948 4890
381 409 429 457 un
452 407 603 458 courors
627 383 937 462 urusssronrr'rus.
1153 399 1216 464 161

120 559 226 629 quarto
239 567 344 610 versu:
364 549 395 608 iu
410 569 470 630 quo
484 541 515 612 dt
528 551 689 614 trochaeum
703 553 837 614 invenias
850 553 935 615 tertia
950 553 1030 628 sede,
1044 565 1074 615 et
1085 555 1216 617 iambum

121 653 225 706 suta:
246 663 338 726 quare
358 665 484 706 errorem
499 649 621 709 subesse
636 669 757 710 necesse
779 659 835 722 est,
858 659 889 710 et
911 649 1067 710 confundit
1080 672 1214 714 versuum

119 750 181 802 turn
205 759 326 822 genera,
348 753 411 802 tarn
433 745 625 822 quantitates.
667 746 778 806 Nostra
790 755 888 806 autem
903 746 992 806 lectio
1006 739 1109 808 bo'rum
1122 748 1214 809 nihil:

122 841 173 903 sed
187 841 320 923 aspedcr
332 840 397 902 risa
410 843 497 902 estin
520 841 685 902 sententia:
707 861 775 903 curn
799 853 897 904 tamen
920 863 979 904 non
1004 846 1060 904 sit:
1082 865 1149 907 nam
1173 847 1216 908 ita

122 935 209 998 dicit:
231 937 338 998 Patres
351 936 443 998 duros
457 937 530 996 nibil
544 937 689 997 remittere
704 937 742 996 de
764 937 897 1018 imperio,
918 941 998 1020 quod
1013 953 1170 1004 exerceant
1185 945 1214 1004 in

121 1033 249 1094 liberos:
266 1032 365 1092 omnia
378 1033 468 1092 animi
482 1032 651 1092 laxamenta
664 1032 837 1110 probibere:
859 1044 899 1106 et,
915 1038 964 1114 qui
978 1037 1067 1116 paulo
1081 1047 1127 1098 eet
1141 1041 1214 1101 tole·

120 1127 246 1200 rubilior,
255 1127 356 1207 aliqua
370 1147 441 1190 sane
451 1128 599 1207 patiatur:
619 1128 673 1190 sed
687 1131 858 1191 concrebro
871 1150 907 1192 ea
920 1133 993 1192 lieri.
1022 1134 1150 1196 Mutavit
1160 1155 1214 1196 au·

120 1237 177 1286 tem
191 1243 345 1284 numerum
360 1226 514 1284 verborum
524 1225 693 1293 Terentius:
716 1245 783 1286 cum
797 1227 826 1286 in
839 1227 980 1308 singulari
994 1227 1081 1289 dixit:
1105 1233 1214 1312 ‘paulo

122 1321 169 1402 qui
193 1331 242 1380 est
260 1319 442 1393 tolerabilis,’
456 1317 599 1382 debuerat
612 1321 757 1384 subdere:
787 1331 867 1384 ‘non
881 1323 945 1384 vult
964 1325 1066 1384 crebro
1091 1331 1214 1388 scortari

120 1417 226 1476 liberos
242 1435 324 1486 suos,
340 1434 399 1476 non
414 1415 477 1476 vult
491 1418 594 1476 crebro
608 1417 777 1480 convivari:
818 1419 877 1480 Sed
891 1420 991 1478 retulit
1005 1439 1156 1482 numerum
1175 1423 1215 1484 ad

120 1511 338 1572 universitatem
353 1521 480 1590 patrum.
513 1511 553 1570 At
567 1511 596 1570 in
612 1512 765 1591 singulari,
779 1512 965 1586 tolerabilem,
979 1527 1127 1593 posuerat,
1140 1537 1215 1596 quo-

119 1607 197 1668 niam
212 1607 337 1668 rariores
353 1619 432 1668 sunt.
462 1609 507 1667 lta
521 1617 617 1668 mutat
631 1627 783 1668 numerum
797 1609 827 1668 in
841 1609 1002 1669 Eunucho:
1019 1617 1026 1646 ¹
1040 1611 1214 1674 Eunuchum

120 1723 204 1782 porro
219 1703 296 1764 dixti
309 1701 385 1764 velle
399 1713 438 1777 te,
461 1703 540 1772 Quia
558 1703 631 1764 solae
645 1714 766 1764 utuntur
780 1705 824 1764 his
838 1705 971 1784 reginae!
1010 1703 1106 1773 Quam
1120 1717 1215 1768 :nutu-

118 1801 227 1860 tionem
239 1798 348 1880 aliquis
362 1799 458 1859 minus
472 1799 658 1859 commodam
671 1817 739 1860 curn
753 1811 879 1879 putaret,
900 1799 1024 1862 sublatis
1036 1801 1092 1860 illie
1107 1804 1214 1875 verbis,

116 1893 206 1974 prelo
228 1895 283 1976 qui
304 1901 348 1955 ert
374 1894 456 1956 torro
482 1895 653 1966 tolerabilis,
674 1913 742 1974 quae
765 1897 836 1956 vitiu
855 1897 1041 1976 prohiberent
1063 1907 1162 1976 patres
1184 1901 1214 1960 in

120 2001 220 2052 nosne
234 1989 372 2064 lectione,
392 2011 429 2052 ea
449 1991 520 2052 fecit
544 2003 660 2070 patrare
680 1991 794 2071 flagitia
813 1993 880 2054 filiis
894 1994 924 2052 in
938 2012 1004 2056 sua.
1048 1994 1121 2054 Haec
1135 2007 1214 2072 sunt,

118 2087 249 2168 Sylviole
263 2087 316 2160 lili,
335 2107 404 2168 quae
426 2087 658 2149 laboriosissima
671 2107 762 2168 opera
776 2089 892 2149 excussi
907 2089 978 2149 tibi:
999 2091 1147 2168 majorene
1162 2103 1216 2151 tae·

118 2183 167 2242 dio
191 2193 239 2244 tot
261 2185 447 2263 ineptiarum,
477 2205 515 2244 an
546 2195 639 2258 metu,
659 2203 697 2244 ne
722 2185 784 2264 pari
806 2185 921 2246 inscitia
943 2203 1079 2265 caperere
1103 2187 1214 2246 nescio.

120 2279 211 2340 Omisi
225 2299 295 2342 vero
308 2280 403 2340 multa
416 2282 547 2342 carmina
566 2291 766 2353 controversa,
787 2291 839 2340 sut
861 2281 1010 2359 ambigua,
1034 2280 1093 2340 alie
1110 2293 1214 2340 rasta:

119 2395 185 2454 qnos
197 2376 316 2436 etiamn
330 2376 368 2436 ad
384 2377 541 2439 sanitatem
553 2377 736 2458 redigantur,
758 2385 789 2437 et
810 2395 882 2436 cura
906 2376 963 2436 ista
984 2386 1085 2435 nostra
1104 2376 1150 2436 vel
1172 2377 1215 2436 sic

119 2471 207 2551 longe
220 2473 336 2534 minora
349 2473 418 2533 rint.
460 2473 570 2534 Verum
584 2475 732 2534 enimvero
746 2491 841 2552 neque
854 2471 906 2532 tibi
921 2471 1044 2550 puerilia
1057 2469 1149 2531 videri
1163 2473 1215 2533 de-

119 2568 200 2641 bent,
224 2569 277 2648 qui
299 2571 357 2629 ista
379 2577 467 2630 aetate
480 2569 618 2632 literarise
632 2571 729 2630 landis
745 2569 857 2629 aditum
871 2587 988 2628 omnem
1002 2567 1153 2645 explorare
1169 2569 1216 2647 ju·

118 2664 194 2724 heris
209 2667 250 2724 ab
265 2663 364 2724 indole
377 2675 438 2737 tue,
459 2685 529 2744 qum
540 2684 650 2745 magna
663 2683 698 2725 ac
713 2664 807 2724 multa
828 2661 971 2742 promittit
991 2659 1096 2720 nobis:
1118 2679 1215 2739 neque

119 2759 187 2818 mihi
201 2759 320 2838 plebeia
332 2758 417 2831 adeo,
440 2759 470 2820 in
492 2763 610 2840 quibus,
632 2759 748 2820 omissis
771 2757 877 2817 studiis
900 2753 1094 2834 gravioribus,
1116 2765 1214 2814 tentos

119 2853 186 2914 illos
199 2854 280 2914 viros
294 2853 445 2915 elaborare
459 2854 570 2934 aliquid
585 2873 645 2913 non
664 2851 810 2932 poenituit.
851 2852 910 2919 Qui
932 2851 956 2910 si
977 2849 1082 2928 qulbus
1097 2849 1126 2907 ln
1140 2849 1215 2910 locis

119 2949 195 3029 lapsi
210 2959 291 3022 sunt,
304 2949 352 3010 rel
364 2949 422 3010 hoc
435 2953 532 3028 ipsum
547 2951 589 3010 eis
603 2949 755 3024 debeatur,
776 2945 858 3028 quod
874 2965 929 3006 nos
943 2945 1099 3005 excitarint
1112 2943 1151 3004 ad
1165 2965 1215 3004 ve-

118 3046 247 3108 ritatem.
288 3045 381 3126 Cujus
402 3047 597 3127 splendorem,
620 3047 664 3106 fili
685 3045 735 3118 mi,
756 3043 861 3124 quovis
876 3043 992 3102 nomine
1006 3040 1146 3101 cariorem
1162 3040 1215 3100 ha-

118 3143 187 3202 bere
201 3141 304 3201 debes.
340 3141 484 3220 Magnum
499 3142 554 3202 luit
569 3139 683 3202 Erasini
699 3159 815 3212 nomen,
837 3137 998 3220 praesertim
1012 3137 1043 3196 in
1057 3135 1216 3196 Germania

119 3236 211 3298 literis
225 3237 468 3298 renascentibus:
489 3239 585 3318 majus
599 3238 743 3310 futurum,
764 3237 788 3296 si
813 3235 862 3294 ille
875 3235 970 3294 minor
983 3253 1048 3294 esse
1063 3233 1215 3292 voluisset.

120 3333 221 3406 Nunc,
242 3332 335 3392 fretus
358 3333 468 3414 ingenii
492 3335 537 3394 sui
561 3331 775 3412 magnitudine,
796 3330 890 3390 multa
910 3339 1034 3389 tractare
1056 3347 1215 3406 aggressus

120 3439 176 3502 eat,
196 3426 288 3507 paulo
309 3427 406 3487 minue
425 3437 582 3489 accurate:
604 3428 646 3486 ita
659 3445 677 3486 a
692 3425 817 3485 nominis
831 3423 963 3486 claritate
978 3425 1110 3504 prolecta
1124 3425 1215 3484 conil-

118 3523 221 3584 dentia
233 3523 417 3604 praecipitem
432 3523 514 3584 illuni
528 3525 598 3604 egit,
613 3541 673 3582 non
687 3522 750 3580 sine
764 3519 920 3600 dispendio
934 3520 1091 3580 multorum
1106 3517 1216 3578 studio·

118 3637 241 3679 sorum:
262 3619 315 3698 qui
335 3637 440 3680 omnes
462 3639 529 3681 cum
549 3618 630 3680 docti
644 3635 711 3678 esse
725 3615 912 3676 vehementer
924 3623 1107 3695 exoptarent,
1129 3613 1216 3692 pauci

116 3725 218 3774 autem
233 3713 404 3775 laborarent
417 3715 532 3776 omissis
545 3711 694 3784 aerumnis,
718 3731 786 3790 qum
807 3710 880 3790 ipsis
903 3709 933 3768 in
953 3708 1140 3786 antiquorum
1155 3707 1215 3763 lee-

117 3811 200 3871 tione
214 3810 316 3870 multae
331 3809 512 3890 exequendae
525 3817 618 3880 erant,
631 3803 837 3884 compendium
848 3805 927 3863 necti
940 3821 1039 3862 eorum
1051 3819 1119 3878 quae
1131 3801 1216 3859 Eras-

117 3927 185 3968 mus
200 3907 230 3964 in
245 3925 338 3966 unum
352 3906 509 3984 coegisset,
529 3905 556 3965 ei
569 3903 607 3962 ‹le
621 3900 756 3962 omnibus
770 3899 858 3960 fidem
873 3899 914 3956 ita
926 3897 1064 3968 habuere,
1079 3905 1112 3953 ut
1126 3895 1215 3954 etiarn

117 4003 292 4063 extantibus
316 4003 478 4080 priscorum
500 3995 709 4066 monumentis,
732 3991 811 4052 unde
835 3991 884 4051 ille
905 3991 952 4051 rel
972 3989 1131 4070 aliqnando
1155 4011 1215 4050 uon

115 4100 199 4158 bona
213 4097 272 4158 tide
288 4099 461 4175 accepisset,
477 4096 590 4156 Erasmi
604 4111 711 4154 nomen
727 4111 785 4150 non
802 4109 853 4169 pro
869 4099 953 4160 teste,
976 4087 1028 4146 red
1042 4105 1094 4166 pro
1103 4087 1215 4165 judice,

118 4195 224 4266 citent,
238 4205 328 4271 atquc
343 4193 429 4252 alieni
448 4193 556 4254 laboris
570 4211 629 4251 non
652 4189 738 4268 quasi
759 4183 975 4247 beneficiarium
990 4183 1100 4244 iaciunt
1113 4193 1217 4244 aucto·

186 4305 277 4369 Driph.
288 4309 312 4353 et
325 4303 380 4354 Ver.
392 4307 456 4354 Cios.
637 4303 730 4352 Terent.
1133 4297 1152 4343 la
