2958 4892
263 367 328 434 tto
597 379 790 432 nicentius
814 379 1025 432 euuunnnus

263 524 314 604 qui
329 542 440 598 versus,
460 521 517 583 nisi
532 531 594 582 toto
607 521 744 602 pulmone
758 523 914 595 exhausto,
935 523 1115 602 pronuntiari
1128 533 1197 603 spte
1211 543 1270 584 non
1285 543 1353 604 pos·

263 628 352 678 sunt:
374 620 404 678 in
426 617 562 680 trimetris
585 637 654 680 vero
666 618 798 678 clamoso
811 619 876 682 haec
890 621 966 692 edon
978 620 1176 680 insuescerent
1188 638 1308 702 prorsus
1323 631 1353 680 et

262 713 508 774 obmutescerent.

304 809 481 870 Ditrochoeis
493 809 582 889 igitur
597 809 640 870 sic
653 809 840 870 constituitur
852 809 968 870 iambus
983 809 1150 870 trimetros:

390 929 421 980 lo
436 927 442 995 Ι
455 928 504 978 utut
516 929 604 994 negoti
618 929 623 996 Ι
637 929 749 980 credidit
759 945 788 980 so
802 927 807 996 Ι
821 930 873 980 idm
884 929 948 982 deri.

389 1011 424 1060 vt
438 1009 445 1076 Ι
458 1009 618 1061 commodnti
631 1009 637 1074 Ι
650 1009 809 1062 communest
822 1009 827 1076 Ι
842 1009 985 1062 commode.

262 1122 409 1184 lumbicus
423 1131 607 1182 tetrametrus
621 1121 744 1202 plenus:

324 1235 393 1285 Dum
407 1233 412 1299 Ι
427 1233 527 1296 tempos
538 1233 571 1282 ed
583 1245 638 1284 econ
651 1232 658 1298 Ι
672 1233 724 1283 edm
736 1234 796 1284 tntu
806 1233 853 1283 nivi
866 1233 872 1298 Ι
886 1233 997 1284 ‘nimum
1009 1241 1038 1286 nt
1049 1237 1126 1300 exple
1139 1233 1145 1302 Ι
1160 1235 1200 1286 ret
1210 1250 1294 1288 snum.

324 1315 360 1365 vt
405 1312 582 1379 {commodum
648 1311 827 1380 tedmmodsvt
866 1313 1045 1380 lcdmmodsvt
1135 1315 1299 1382 tcdmmods.

261 1426 439 1491 trochaicus
452 1435 637 1488 tetmmetrus
651 1427 756 1506 plenus
771 1427 830 1487 sive
844 1429 1041 1501 ἂκατάληκτοε,

259 1538 368 1590 'Adeon'
378 1539 505 1590 homine·
516 1553 571 1590 esse
585 1538 590 1606 Ι
603 1539 768 1590 invenustum
779 1546 824 1590 not
837 1538 843 1603 Ι
855 1539 986 1589 infelicem
1001 1539 1006 1604 Ι
1020 1539 1173 1606 quemquem
1185 1547 1214 1591 nt
1225 1554 1274 1606 ego
1284 1555 1347 1590 som.

262 1620 427 1674 Cdmmoduvt
523 1617 531 1686 Ι
543 1618 702 1670 commodnti
716 1617 721 1684 Ι
735 1618 893 1670 cummoduvi
906 1618 1094 1698 incommodum.

260 1733 439 1796 Trochnicns
452 1741 638 1794 tetrametnuu
653 1731 768 1811 syllaba
780 1731 931 1806 deficiens,
952 1733 1013 1792 siue
1026 1733 1228 1804 tununnensis,

325 1845 397 1898 Quot
406 1843 544 1894 modiscon
558 1841 564 1910 Ι
578 1841 674 1892 ίέωῑω
684 1844 800 1906 spretus?
813 1841 818 1908 Ι
832 1842 913 1906 neus,
925 1850 1056 1894 monente
1069 1843 1074 1910 Ι
1088 1845 1188 1895 omniu:
1204 1845 1274 1895 hcm.

325 1922 491 1974 Cdmmodsvl
557 1919 736 1988 lodmmoduut
810 1922 990 1988 tedmmodesi
1068 1923 1230 1990 {commodo

261 2019 465 2082 Pentometrus
478 2020 690 2094 καταληπικὸες
711 2019 761 2100 qui
775 2022 865 2080 semel
879 2021 1020 2080 iterumve
1034 2020 1207 2082 adhibetur:

323 2150 409 2202 Mons
421 2151 475 2206 xes?
500 2151 612 2200 Domum
627 2147 633 2214 Ι
645 2147 683 2200 tre
704 2163 826 2213 pergsm:
851 2147 888 2198 ibt
901 2147 907 2213 Ι
921 2147 1057 2212 pttrtunn
1077 2154 1126 2199 est.
1158 2148 1230 2198 Ruso
1243 2145 1349 2213 tetum

388 2231 523 2282 hominem.
537 2229 542 2296 Ι
554 2230 602 2281 Sto
611 2229 690 2280 litteo.

323 2310 490 2364 Cdmmodevi
503 2309 508 2377 Ι
522 2309 682 2362 cdmmodevi
696 2307 702 2374 Ι
715 2307 875 2359 commodavi
890 2307 895 2374 Ι
908 2309 1067 2360 commodavi
1081 2313 1087 2376 Ι
1100 2307 1243 2360 commode.

261 2427 297 2486 ln
317 2423 364 2488 his
388 2424 523 2486 omnibus
542 2420 724 2486 commodius
746 2431 803 2492 est,
822 2439 889 2480 meo
905 2421 1028 2498 judicio,
1048 2420 1180 2482 ὁιποδίαν
1200 2425 1350 2503 τροχαῖηὶν

261 2537 383 2582 csesuroe
400 2517 651 2580 accommodatum
672 2528 703 2578 et
722 2535 893 2595 congruum,
914 2537 1002 2596 quem
1016 2517 1151 2597 ἰαμβιιὴν
1165 2519 1203 2580 ab
1216 2537 1253 2580 eu
1265 2518 1349 2579 deer-

260 2624 384 2687 mntsm,
403 2615 434 2674 in
452 2611 599 2674 metiendo
612 2630 698 2672 versu
712 2612 869 2674 asciscete.

300 2711 442 2791 Superest
454 2719 553 2769 tomen
568 2727 644 2768 unus
658 2708 771 2768 iambici
785 2707 912 2786 generis,
934 2716 1120 2770 tetrametrus
1134 2711 1346 2782 καταληπικόες

260 2809 364 2886 inquo
378 2804 490 2866 διποὸία
504 2815 632 2865 veterum
648 2801 854 2883 magistrorum
877 2801 994 2880 ιάμβικΙ
1017 2803 1079 2866 siue
1093 2807 1293 2866 controversie
1305 2817 1350 2865 te·

261 2900 361 2962 nendo
373 2910 439 2971 est;
460 2900 499 2960 ob
521 2899 626 2980 ipsam,
646 2919 664 2962 u
687 2917 748 2980 quo
768 2899 798 2958 in
823 2897 887 2958 nliis
902 2898 1038 2973 discedit,
1053 2901 1183 2962 eesurae
1197 2900 1350 2968 concinni·

261 3006 371 3060 taum:

389 3109 458 3162 Nem
468 3107 490 3157 st
501 3107 577 3158 remit
591 3106 596 3174 Ι
610 3112 666 3158 tent
676 3105 809 3172 qntppimn
823 3104 829 3174 Ι
843 3106 1018 3159 Phtldmenmu
1043 3108 1049 3174 Ι
1062 3109 1171 3164 uolones.

386 3185 545 3252 Αιδρίιφιλσι
589 3185 752 3252 {sadduceos
821 3185 1018 3254 Ικωτοόποην
1041 3188 1164 3254 [sosimus.

387 3267 536 3332 Anudodem
584 3266 764 3334 lAnudotermu
817 3267 956 3334 indusimus
1037 3269 1151 3336 ΙηρόΙι.

388 3349 422 3398 Vi
433 3349 567 3398 commodo
588 3347 594 3414 Ι
608 3349 642 3411 vi,
651 3349 785 3399 commode
819 3348 825 3414 Ι
839 3348 1016 3411 νΙ,ο6ωωο(1ι
1040 3351 1046 3416 Ι
1060 3351 1095 3414 si,
1106 3350 1214 3401 cdmmo.

302 3459 362 3523 Sed
384 3471 415 3522 et
427 3462 456 3521 in
470 3461 516 3520 his
532 3460 643 3522 διποδία
656 3467 787 3541 cccxcix»)
800 3471 917 3542 tempus
931 3462 1048 3540 quidem
1062 3475 1093 3526 ct
1105 3466 1233 3544 sputium
1245 3477 1349 3524 exacte

263 3570 371 3634 semet,
390 3559 421 3620 iu
445 3558 635 3618 incisionibus
650 3568 748 3620 tameo
762 3569 875 3638 penem.
917 3559 1052 3620 Ceterum
1068 3573 1162 3620 utram
1177 3563 1247 3622 velit
1259 3563 1351 3621 notio·

261 3677 329 3720 nom
342 3657 435 3718 lector
448 3667 604 3736 sequntur:
626 3665 765 3716 accentus
784 3655 814 3714 in
834 3665 944 3716 nostroe
957 3654 1095 3716 editionis
1108 3666 1190 3716 textu
1204 3659 1349 3716 ambobus

261 3774 346 3834 teque
358 3753 553 3816 conveniunt:
575 3761 606 3812 ut
626 3753 657 3810 iu
677 3769 789 3830 nupero
811 3751 949 3830 quadum,
971 3751 1099 3812 universi
1119 3751 1206 3831 hujus
1222 3756 1350 3834 generis.

261 3869 385 3928 quorum
405 3850 510 3929 iugens
523 3851 608 3930 copis
621 3857 676 3921 cst,
697 3867 797 3910 versus
812 3865 903 3926 provo
916 3867 1039 3910 caesurae
1054 3848 1242 3908 distinctione
1256 3851 1350 3930 jugu-

260 3945 377 4006 lentur:

381 4055 566 4118 Concurrunt
578 4057 639 4120 loeti
654 4058 693 4118 mi
705 4060 819 4120 obviem
832 4079 890 4140 cup
906 4058 912 4141 Ι
930 4058 1051 4139 pedisrii
1065 4077 1178 4132 omnes,

378 4151 499 4224 cetarii,
512 4153 592 4227 lonii,
602 4157 700 4236 coqui,
713 4157 757 4218 isr
773 4157 780 4238 Ι
797 4167 886 4230 tores,
898 4157 1073 4236 piscatores.
