2958 4892
261 391 328 460 172
562 406 781 460 rorcnrrrus
805 407 1054 458 censeamus

386 547 531 622 Exclusit,
544 558 673 621 revocat,
686 549 830 611 Meam?
848 569 908 611 non
923 551 949 611 si
963 571 1010 612 me
1024 553 1167 612 obsecret.

262 679 320 748 Qui
334 698 448 753 versus,
461 679 485 739 si
499 677 646 759 producas
659 677 862 760 penultimam,
876 681 932 740 erit
945 679 1110 760 dactylicus
1123 678 1315 744 ατανὸαΐέινν.

380 807 452 868 Tres
466 825 554 866 uuam
568 817 693 888 pereunt
705 807 911 868 adolescentes
924 807 1073 894 mulierem
1086 827 1094 866 :

260 934 353 994 Totus
376 933 554 1015 dactylicus,
574 943 682 1015 praeter
702 934 836 996 ultimum
861 935 1000 996 iambum.
1054 935 1120 996 Hoc
1146 955 1240 1014 genus
1265 935 1352 995 etad

260 1030 427 1092 octonarios
441 1031 614 1112 producitur
627 1050 646 1091 a
661 1031 801 1106 Cornicis,
825 1031 876 1111 qui
898 1043 967 1092 snut
981 1033 1177 1112 rerpdpsrpor:
1199 1049 1218 1092 a
1244 1031 1351 1091 latinis

260 1127 347 1188 etiam
362 1127 499 1206 quadrati
512 1137 665 1189 vocantur.
707 1128 807 1188 Habet
830 1127 911 1209 apud
935 1128 1056 1189 eosdem
1082 1137 1113 1188 et
1134 1129 1294 1200 κατάληξιν,
1316 1129 1352 1186 ita

259 1231 295 1283 ut
308 1221 347 1283 ad
361 1224 509 1284 senarium
523 1223 643 1285 additus
658 1223 897 1305 amphibrachys,
910 1224 941 1285 id
954 1235 1012 1298 est,
1027 1223 1141 1306 syllaba
1154 1223 1251 1284 brevis
1266 1224 1353 1301 longa

258 1321 379 1381 brevis:
401 1329 454 1380 aut
476 1321 628 1396 bacchius,
651 1321 681 1383 id
704 1333 761 1395 cst,
786 1321 902 1403 syllaba
914 1322 1011 1382 brevis
1025 1321 1125 1400 longa,
1149 1319 1267 1396 (ultima
1280 1319 1353 1380 euim

260 1415 375 1496 syllaba
386 1416 482 1478 omnis
495 1437 598 1480 versus
613 1429 660 1479 est
672 1418 866 1496 indifferens,)
879 1417 936 1480 hoc
950 1435 1089 1478 numeros
1101 1415 1254 1496 perficiat:

380 1544 458 1606 Nam
472 1544 499 1604 si
511 1547 661 1607 remittant
673 1545 824 1628 quippiam
839 1545 1063 1607 Philumenam:

258 1673 307 1734 hic
327 1681 376 1733 est
395 1679 544 1754 τρίμετρον.
584 1673 742 1736 Addautur
755 1673 815 1735 illm
830 1687 889 1736 tres
903 1673 1038 1754 syllaba,
1064 1669 1224 1745 ‘dolorcs,'
1246 1681 1278 1732 et
1302 1671 1354 1732 crit

253 1768 317 1848 jum
330 1770 510 1849 τετράρετραι
522 1775 726 1844 καταληιτιεάι.
755 1771 832 1830 Nam
847 1771 875 1830 in
890 1770 947 1830 hoc
961 1789 1071 1849 genere
1083 1769 1132 1828 alii
1146 1767 1249 1848 pedes,
1264 1786 1351 1847 quam

258 1885 349 1946 supra
360 1867 522 1938 memorati,
543 1886 603 1926 uon
628 1867 825 1928 nominantur.
869 1865 929 1927 Sed
950 1887 1045 1946 neque
1060 1864 1297 1935 servarunthoc,
1320 1873 1353 1922 ut

258 1971 327 2020 ante
341 1963 490 2033 κατάληξιν
503 1981 619 2041 semper
633 1973 712 2023 esset
725 1964 858 2023 iambus:
881 1981 978 2042 neque
993 1981 1052 2022 non
1067 1980 1120 2042 pro
1134 1960 1250 2040 syllaba
1264 1959 1352 2039 longa
1470 2043 1471 2058 ,

257 2055 433 2118 catalectico
448 2076 527 2136 saepe
542 2057 618 2120 dues
630 2060 734 2119 breves
748 2070 929 2140 posueruut:

379 2185 504 2268 AEdepol
519 2187 653 2263 lenones,
666 2209 732 2250 meo
747 2191 855 2264 auimo,
869 2187 988 2260 novisti,
1003 2187 1097 2247 Lusce
1110 2185 1215 2266 lepide.

259 2313 337 2374 Ante
349 2317 499 2391 κατάληξιν
511 2317 665 2399 τρίβραχυς
677 2328 743 2379 eat:

379 2444 520 2504 Tacuisse
532 2445 696 2518 mavellem,
709 2445 788 2505 baud
804 2445 881 2505 male
896 2443 1037 2504 meditate
1051 2441 1127 2502 male
1142 2440 1272 2500 dicaces.

259 2569 336 2629 Ante
351 2566 501 2645 κατάληξιν
513 2581 561 2632 est
574 2573 735 2653 spondaeus
747 2594 756 2634 ε

379 2699 460 2760 Beue
472 2721 529 2780 ego
540 2701 626 2760 istam
641 2701 729 2763 eduxi
744 2723 817 2762 ureae
832 2701 922 2774 domi,
937 2711 967 2760 et
980 2697 1177 2780 pudice.—

377 2830 458 2842 -—
473 2797 505 2855 Si
521 2797 608 2877 hujus
623 2797 752 2858 miseret.

258 2927 337 2986 Ante
351 2925 500 2997 κατάληξιν
512 2935 559 2986 est
572 2924 730 3002 dactylas:

379 3053 538 3129 Nunquam
553 3071 599 3110 me
613 3070 712 3113 orares
725 3054 795 3132 quin
812 3053 934 3113 darem:
956 3071 1035 3111 nunc
1056 3049 1137 3111 illum
1152 3057 1181 3109 te
1194 3063 1277 3107 orare
1290 3063 1351 3107 rue·

456 3146 514 3204 lius
529 3159 585 3205 est.

257 3273 347 3333 ‘Lius
362 3274 427 3334 est'
441 3274 470 3334 iu
487 3293 574 3334 uuam
589 3275 733 3356 syllabam
747 3286 953 3337 concrescunt.
995 3275 1034 3334 Hi
1049 3293 1151 3334 versus
1165 3267 1351 3351 appellantur

257 3369 456 3449 hippouactei,
482 3372 518 3429 ab
539 3383 669 3444 auctore,
684 3383 714 3432 et
727 3373 829 3432 Latine
844 3371 1021 3452 septenarii:
1044 3379 1106 3430 tum
1121 3368 1208 3437 enirn,
1223 3363 1351 3424 Priscia-

257 3485 313 3526 nus
328 3465 378 3538 ait,
393 3465 555 3525 Varronem
569 3467 733 3546 scripsisse,
752 3468 814 3528 lieri
836 3466 1044 3548 septenarium,
1068 3483 1135 3525 cum
1149 3461 1187 3522 ad
1202 3458 1350 3521 senarium

255 3561 412 3622 iambicum
425 3561 594 3642 trisyllabus
608 3579 660 3641 pes
675 3563 814 3637 addatur,
827 3563 884 3624 hoc
898 3563 1008 3624 ruodo:

377 3697 457 3769 Quid
470 3699 688 3761 immerentibus
702 3699 815 3761 noces?
833 3699 904 3782 quid
920 3697 1035 3760 invides
1051 3695 1175 3758 amicis?

254 3837 339 3898 Talia
352 3847 423 3898 snut
436 3836 652 3918 Aristophanen
664 3839 693 3898 in
709 3839 807 3914 Pluto,
821 3859 945 3920 quornm
959 3839 1084 3919 primum
1099 3835 1176 3896 hoc:

368 3963 411 4026 Ὦ
420 3969 515 4028 πολλὰ
529 3965 564 4038 δὴ
577 3971 614 4048 spi
628 3965 750 4052 δεσπότῃ
762 3968 864 4029 ταύτὸν
877 3971 965 4048 θύραν
977 3967 1126 4046 φαγόντες.

250 4102 446 4190 ,Τκοαάιαίειιιτι
460 4125 579 4166 carmen
601 4117 648 4168 est
667 4107 822 4170 iambicum
848 4115 1079 4169 commutatum:
1100 4097 1249 4162 trochaeus
1265 4111 1350 4154 aro-

254 4195 398 4260 lubilitate
412 4211 441 4260 ct
455 4201 565 4261 ratione
579 4219 685 4262 nomeu
700 4203 799 4277 habet,
820 4203 985 4266 contrarius
1002 4221 1055 4282 pes
1071 4197 1179 4268 iambo,
1204 4201 1348 4253 constans
