2958 4892
242 393 377 444 soson.
401 391 650 443 censuimus
674 393 722 440 ns
746 393 896 443 costinis
920 393 1113 446 vsnsrsus.
1160 383 1222 449 ter

402 649 644 717 Jonclltlss
667 647 944 716 chERARfl

307 835 365 895 DE
397 835 569 896 COMICIS
599 835 800 894 VERSIBUS
834 835 1039 896 DlATRlBA.

131 1016 178 1074 De
192 1014 304 1076 Plauto
317 1015 496 1076 Febulsrum
510 1016 630 1076 istarum
645 1023 765 1074 auctore
778 1033 874 1093 pauco
889 1013 996 1088 dicem,
1021 1016 1050 1074 io
1076 1016 1175 1096 primis
1189 1025 1224 1076 ut

43 1103 48 1115 ⁴
130 1121 246 1171 constet
257 1102 323 1190 quo'
331 1101 468 1190 tempore
485 1109 597 1170 viserit.
641 1109 730 1169 Hunc
752 1108 879 1168 incidere
903 1109 934 1166 in
956 1117 1075 1169 retetcrn
1088 1111 1222 1182 Catonis,

130 1226 187 1282 quo
209 1215 242 1266 et
262 1206 330 1286 ipso
350 1225 473 1266 censore
491 1215 637 1264 munuum
651 1223 729 1276 esse,
752 1204 869 1282 scripsit
881 1203 997 1276 Cicero,
1021 1215 1089 1265 ante
1104 1225 1135 1264 se
1150 1207 1223 1268 Cos.

135 1301 198 1360 160.
223 1301 323 1374 annis,
346 1301 404 1361 hoc
424 1309 480 1372 est,
505 1301 543 1359 eb
568 1299 605 1360 U.
621 1299 656 1360 C.
680 1299 794 1360 circiter
819 1299 858 1360 D.
873 1299 907 1360 P.
924 1299 1060 1373 Claudio,
1076 1301 1109 1359 L.
1123 1300 1224 1362 Portio

132 1397 216 1456 Coss.
231 1397 327 1475 Cujus
341 1396 449 1468 (etatis,
462 1395 492 1454 in
507 1413 596 1474 qoam
612 1393 732 1454 Nerius
747 1413 865 1473 quoque
879 1395 1048 1468 includitur,
1064 1395 1223 1475 participes

130 1492 208 1550 luere
222 1492 302 1551 ultra
314 1493 445 1576 citraque
460 1491 584 1563 Ennius,
599 1490 749 1562 Cmcilius,
763 1490 922 1564 Pacuvius,
935 1491 1097 1552 Terentius.
1127 1489 1224 1550 Pacu·

130 1588 206 1647 rium
220 1587 341 1666 quidem
355 1607 390 1648 ac
403 1587 556 1648 (lucilium
581 1585 657 1645 mele
681 1587 809 1658 locutos,
834 1587 938 1647 Cicero
960 1587 1010 1647 eit.
1051 1585 1179 1645 Ennium
1193 1597 1224 1646 et

132 1682 267 1743 Nerium
281 1685 396 1764 probet.
438 1683 498 1744 Sed
512 1693 613 1742 nostro
629 1683 727 1742 studio
742 1683 861 1742 relictus
875 1692 921 1742 est
934 1681 1058 1742 Plautus
1072 1691 1103 1741 et
1115 1681 1223 1742 Teren·

130 1779 186 1839 tius
200 1789 329 1841 tautum.
371 1781 419 1840 De
442 1779 489 1839 his
512 1779 601 1857 igitur
621 1776 752 1857 petenda
774 1778 866 1836 forme
885 1777 998 1836 Latium
1012 1775 1181 1846 locutionis,
1194 1787 1225 1836 et

133 1875 323 1936 sternendum
337 1877 423 1956 qussi
444 1875 550 1948 solum,
571 1893 658 1954 super
672 1891 731 1951 qun
746 1874 838 1932 oratio
850 1874 930 1932 bons
943 1881 974 1931 et
987 1870 1107 1942 diserta,
1128 1872 1224 1932 verbis

133 1981 162 2031 et
180 1972 336 2032 sententiis
354 1981 423 2052 apte
443 1979 612 2032 constructa
635 1969 807 2030 collocetur.
850 1969 918 2028 Nou
940 1968 1017 2028 enim
1039 1967 1223 2046 competitio,

132 2087 226 2146 neque
240 2067 333 2128 veluti
346 2066 503 2126 aedificatio
518 2065 615 2145 qualis
630 2083 696 2126 esse
715 2064 823 2125 debeat
846 2065 934 2134 illius,
957 2064 1026 2125 hinc
1040 2065 1179 2144 cognosci
1193 2076 1226 2126 et

128 2162 205 2223 disci
218 2173 328 2243 potest.
370 2163 465 2222 Elisus
480 2161 632 2222 mundities
647 2160 787 2232 etnitori,
806 2169 846 2234 et,
860 2157 1069 2230 utitedicam,
1083 2160 1235 2220 innocen·
1352 2205 1355 2212 »

133 2259 185 2316 tiss'
194 2277 231 2317 ec
244 2257 406 2338 integritati
420 2257 561 2318 sermonis
575 2257 735 2335 antiquitus
750 2256 851 2327 officit,
873 2275 939 2316 cum
953 2257 1022 2334 quia
1036 2255 1165 2314 omnium
1180 2275 1225 2316 re·

133 2373 195 2414 rum
208 2364 256 2414 est
269 2373 325 2414 sue
337 2352 497 2413 elaboratio
519 2361 550 2412 et
573 2351 737 2432 perpolitio,
762 2371 829 2431 quse
854 2351 995 2431 perfectio
1019 2349 1224 2424 existimends,

134 2443 195 2510 tuni
214 2449 297 2530 quod
321 2448 452 2509 studium
477 2447 633 2528 eleganti·
653 2457 687 2508 ut
708 2449 738 2506 in
752 2447 823 2519 site,
837 2447 881 2506 sic
895 2465 1029 2506 sermone
1043 2465 1160 2527 quoque
1174 2446 1225 2507 illa

135 2561 192 2606 uon
205 2545 370 2626 usurpavit.
410 2545 597 2624 Quapropter
610 2543 786 2624 posteriores
808 2543 838 2602 in
863 2561 995 2604 sermone
1008 2542 1137 2622 priorum
1151 2562 1225 2604 non·

134 2643 215 2702 nulls
227 2651 380 2702 mutarunt
391 2640 592 2711 emendantes,
614 2639 737 2700 formem
751 2649 830 2700 certe
848 2639 1064 2720 componendo,
1086 2649 1117 2698 et
1140 2639 1226 2716 qussi

136 2738 371 2819 coagmentando
392 2747 481 2818 atque
503 2735 742 2798 reconcinnendo
763 2733 955 2794 reddiderunt
976 2745 1007 2792 et
1030 2731 1225 2811 pulchriorem

136 2847 166 2896 et
178 2835 339 2896 meliorem.
380 2835 455 2894 linc
473 2833 537 2912 jam
558 2831 610 2892 ills
623 2841 670 2890 est
683 2840 764 2890 certe
777 2839 808 2888 et
820 2837 972 2900 constens,
994 2837 1084 2906 etque
1096 2828 1225 2887 omnium

136 2931 308 2992 eruditionis
330 2943 420 3010 atque
442 2931 584 2990 honarum
608 2929 713 2988 ertium
727 2924 901 3004 cupidorum
914 2923 1069 2984 imitationi
1083 2923 1147 2987 solu
1158 2942 1226 3002 pro·

136 3029 243 3106 posite,
257 3027 421 3099 Ciceronis,
436 3035 579 3086 eteorum
594 3023 644 3102 qui
658 3032 746 3082 estete
760 3020 811 3080 illa
824 3019 975 3079 vixerunt:
998 3017 1052 3078 sed
1066 3017 1226 3091 Ciceronis,

137 3135 170 3182 nt
190 3123 331 3203 principis
353 3131 385 3183 et
405 3119 532 3182 auctoris
555 3118 668 3178 Latium
682 3117 803 3196 linguoe,
828 3113 866 3174 de
880 3132 940 3194 quo
955 3112 1022 3174 olibi
1035 3111 1226 3174 disseruimus

137 3221 297 3300 copiosius,
316 3229 502 3278 cumcontra
522 3215 747 3296 reprehensores
771 3211 858 3290 hujus
882 3209 972 3270 studii
998 3209 1226 3290 disputuremus.

139 3315 212 3375 trec
226 3325 325 3374 autem
338 3313 389 3393 qui
402 3311 593 3394 perspexerit,
613 3310 643 3369 in
658 3307 803 3368 Plautinis
817 3317 848 3366 et
860 3305 1042 3366 Terentiunis
1057 3305 1172 3384 scriptis
1184 3306 1228 3366 ite

137 3411 310 3483 sersehitur,
323 3420 362 3486 ut
371 3409 458 3489 quasi
470 3409 621 3469 materiam
636 3405 777 3466 cretionis
789 3404 887 3476 house,
911 3409 952 3474 et,
976 3401 1001 3462 si
1022 3401 1067 3460 les
1082 3401 1166 3461 nohis
1180 3411 1228 3461 est

138 3507 246 3581 dicere,
267 3506 442 3585 eloquentius
464 3505 577 3565 Latium
599 3502 714 3563 abillis
739 3510 846 3574 sumat,
867 3517 962 3578 neque
987 3497 1016 3556 in
1041 3496 1157 3556 delectu
1181 3495 1234 3556 vel‘

137 3605 293 3663 verborum
305 3603 353 3664 vel
364 3603 523 3681 figurarum
537 3599 679 3661 sermonis
692 3596 927 3658 hallucinabitur.
961 3592 1021 3654 Sed
1034 3591 1072 3652 de
1085 3589 1141 3652 hoc
1150 3591 1228 3670 jem·

137 3695 249 3758 dudum
263 3696 348 3757 satis.
391 3696 438 3756 De
451 3695 563 3756 comico
577 3705 676 3754 eutem
689 3693 818 3754 carmine
831 3689 887 3750 etsi
910 3689 960 3752 ulii
982 3688 1135 3766 scripsere,
1160 3705 1228 3765 qum

137 3801 169 3850 et
181 3790 360 3870 magnifacio
373 3801 405 3850 et
417 3791 519 3868 probo,
538 3799 637 3852 tameo
661 3798 762 3848 nostro
781 3803 900 3865 quoque
914 3781 1013 3842 studio
1026 3781 1161 3841 existimo
1175 3779 1229 3840 ed·

135 3887 270 3947 huc'loci
283 3885 395 3965 sliqui'd
415 3887 547 3946 relictum
560 3905 636 3945 esse.
677 3885 754 3942 Cum
766 3901 813 3941 res
827 3881 878 3940 ille
891 3877 1009 3958 quidem
1022 3876 1163 3956 ejusmodi
1179 3878 1228 3951 sit,

137 3993 172 4042 ut
184 3983 302 4061 penitus
312 3982 531 4062 comprehendi,
545 3993 576 4042 et
584 3981 714 4044 omnium
725 3979 814 4038 etiam
824 3974 978 4054 diligentia
987 3972 1072 4053 quasi
1082 3972 1229 4034 enucleari

136 4080 185 4138 his
198 4078 379 4158 temporibus
400 4095 588 4158 nequequam
607 4095 697 4157 posse
719 4073 862 4134 videatur.
901 4071 968 4138 Quo
983 4077 1079 4130 autem
1093 4077 1140 4128 est
1153 4067 1230 4130 diffi-

137 4173 221 4235 eilior
233 4174 328 4248 leber,
348 4194 385 4237 eo
398 4175 580 4236 assiduitatis
593 4172 760 4256 plusculum
774 4171 804 4232 iu
819 4165 993 4247 vestigando
1007 4164 1138 4228 adhiberi
1158 4183 1237 4226 con·.
