2948 4890
271 321 336 390 lbss
578 333 714 384 :nurus
737 331 864 386 casare
889 332 1075 382 suessona

271 499 311 540 ne·
322 481 360 540 ab
372 480 431 540 illis
442 480 585 540 barbarus
600 479 783 559 appelletur:
804 489 959 557 propterea
971 477 1052 556 quod
1072 475 1223 548 Germani,
1239 495 1366 554 prater·

270 577 323 636 tim
342 587 487 636 nostrates
502 575 659 648 Vindelici,
682 575 792 646 Carini,
815 573 925 645 Norici,
949 574 1018 632 item
1044 573 1142 644 Saevi,
1166 574 1302 632 Saxones
1324 571 1364 630 ita

272 672 345 732 illud
366 674 483 733 verbum
506 673 705 751 pronuntiant,
727 671 773 728 vix
787 681 821 728 ut
834 688 898 728 earn
914 669 1044 728 vocalem
1058 665 1211 726 exaudias.
1252 665 1364 726 Verum

272 769 418 847 equidem,
438 789 534 849 neque
547 768 671 829 irridebo
686 777 834 826 maternos
849 783 920 824 avos
935 783 1026 838 meos,
1041 781 1136 842 neque
1149 761 1278 822 hominis
1292 781 1366 822 cone

273 864 380 936 silium,
401 867 509 944 quippe
529 864 580 943 qui
601 881 711 922 mernor
731 861 785 920 sim
805 860 868 940 ejus
883 880 984 919 versus
1000 879 1034 918 es
1050 859 1180 918 Casina:
1201 859 1314 918 ‘Nunc
1328 878 1364 917 ne

272 971 305 1020 tn
319 960 496 1038 respondere
508 958 642 1039 postules
656 977 702 1017 me
718 955 790 1016 sibi!
830 955 897 1014 Non
913 955 1001 1033 igitur
1013 954 1156 1034 judicium
1171 953 1366 1033 reprebendo,
1471 951 1472 992 ³

274 1053 327 1114 sed
337 1054 441 1134 judicii
454 1055 562 1114 locum.
606 1053 640 1112 Ei
652 1053 730 1112 enim
744 1050 840 1110 versui
854 1051 964 1128 optimo
979 1059 1068 1129 utque
1081 1049 1278 1128 pulcherrimo
1292 1071 1366 1129 qua·
1471 1047 1472 1060 ¹

273 1149 370 1221 dratn,
381 1169 418 1210 ex
429 1149 551 1222 Andria,
565 1149 641 1208 banc
655 1147 787 1228 injuriam
799 1145 943 1204 faciebat:
959 1147 1052 1204 ‘Cum
1064 1145 1089 1204 is
1099 1145 1171 1204 nibil
1181 1157 1365 1224 promereat:

274 1245 435 1324 postulare,
457 1244 487 1303 id
503 1243 605 1322 gratiae
620 1242 727 1324 apponi
743 1240 820 1301 sibi!
858 1241 966 1300 Verum
980 1251 1011 1300 et
1023 1240 1072 1301 bic
1088 1241 1160 1300 nibil
1175 1260 1300 1303 necesse
1314 1242 1367 1300 ba·

273 1343 346 1400 beas
360 1338 525 1410 concidere,
541 1351 571 1400 et
583 1339 705 1418 primam
720 1347 824 1397 natura
837 1355 904 1396 cum
918 1335 1065 1416 corripiat,
1078 1355 1137 1396 non
1152 1337 1249 1416 potuit
1262 1337 1366 1396 sibilus

274 1435 484 1516 impedimento
498 1455 563 1496 esse
578 1436 607 1494 in
622 1435 672 1494 illo
684 1433 803 1494 Casinae
814 1453 911 1504 versu,
922 1432 992 1512 quin
1005 1433 1092 1492 unico
1105 1443 1218 1492 tantum
1234 1443 1366 1514 tempore
1471 1445 1472 1498 i

274 1531 470 1610 proferretur:
492 1532 600 1590 lactum
615 1531 692 1590 enim
707 1539 754 1589 est
772 1549 819 1602 ex,
842 1547 941 1608 posse,
963 1538 992 1586 et
1014 1529 1116 1588 tulere.
1159 1529 1264 1608 Neque
1289 1528 1366 1588 enim
1471 1529 1472 1600 ᾖ

275 1626 374 1690 literas
388 1627 588 1705 geminabant,
602 1625 683 1706 quod
696 1626 785 1686 etiam
798 1623 886 1682 durat
898 1622 928 1682 in
942 1622 1101 1702 praeterito,
1114 1621 1215 1684 tetuli:
1230 1637 1261 1683 et
1276 1631 1368 1684 tm·
1471 1637 1472 1644 ¹

277 1721 400 1802 simplici
414 1722 559 1782 elemento
573 1723 712 1801 scriptam
735 1721 765 1780 in
789 1720 871 1780 libris
893 1738 1048 1798 augurum,
1070 1718 1112 1778 ait
1125 1719 1237 1778 Varro:
1259 1729 1291 1779 et
1312 1720 1368 1780 boc

277 1827 377 1876 monet
390 1835 444 1876 nos
457 1817 589 1895 plurimis
603 1815 677 1876 locis
691 1815 820 1888 Verrius,
844 1815 966 1895 ejusque
981 1815 1122 1894 interpres
1137 1827 1225 1894 atque
1239 1815 1368 1876 imitator

278 1913 396 1972 Festus.
437 1913 573 1974 Ceterum
589 1913 727 1973 Erasmus
741 1913 853 1992 utipam
877 1931 942 1970 eam
966 1929 1066 1970 curam
1088 1910 1176 1971 alium
1198 1912 1227 1970 iu
1250 1931 1367 1972 versum

278 2009 487 2082 transtulisset,
502 2009 540 2069 ad
554 2029 660 2070 nomen
674 2009 742 2082 boo,
755 2007 896 2089 periculo,
910 2007 1007 2085 potius
1021 2026 1108 2086 quam
1122 2006 1238 2068 tolleret
1251 2027 1368 2068 omnem

278 2105 421 2165 sermonis
436 2104 622 2184 elegantiam,
646 2115 736 2183 atque
750 2103 825 2164 adeo
838 2102 1045 2163 Atticisrnum:
1067 2101 1174 2182 quippe
1194 2121 1368 2182 pronomen,

278 2199 355 2268 boc:
376 2210 424 2260 est
437 2209 534 2258 autem
549 2218 585 2260 ex
599 2197 713 2259 Andria
735 2199 781 2259 is:
802 2198 894 2256 'Sine
916 2199 995 2256 omni
1016 2199 1167 2278 periculo:
1188 2217 1257 2258 nam
1277 2199 1374 2259 hocce-

278 2294 359 2356 band
383 2294 503 2356 dubium
528 2305 584 2367 est,
607 2295 678 2374 quin
704 2293 866 2354 Chremes!
906 2293 1084 2365 Praesertim,
1108 2313 1174 2353 cnm
1198 2307 1371 2372 anapaestus

279 2409 345 2450 esse
357 2392 485 2470 potuerit
497 2391 527 2449 in
542 2391 636 2469 primo
649 2389 735 2470 pede.
769 2389 856 2461 Nam,
869 2390 974 2460 omnis,
988 2389 1108 2468 primam
1122 2389 1241 2470 corripit
1254 2402 1369 2462 natura,

280 2483 403 2546 ductum
417 2486 495 2545 enim
511 2497 558 2544 est
578 2491 655 2564 παρὰ
676 2487 706 2545 τὸ
730 2487 812 2564 lpus.
853 2483 1036 2544 Universitas
1058 2485 1135 2544 enim
1158 2485 1188 2544 fit
1212 2505 1249 2546 ex
1274 2505 1368 2546 rerum

279 2581 498 2660 conjunctione.
540 2581 595 2641 Est
607 2581 684 2641 enim
700 2583 874 2654 universum,
888 2594 972 2642 extra
984 2579 1065 2660 quod
1079 2581 1152 2640 nihil
1166 2591 1222 2640 est.
1265 2581 1370 2660 Neque

279 2675 347 2738 illas
367 2686 479 2739 mutam
504 2696 540 2736 ac
561 2675 701 2757 liquidam
725 2677 856 2755 potuisse
869 2695 976 2756 cogere
990 2676 1134 2758 syllabam
1148 2677 1186 2736 ed
1204 2677 1370 2756 producen-

280 2770 363 2842 dum,
384 2782 415 2832 et
435 2775 516 2851 pueri
540 2772 648 2844 sciunt,
668 2783 699 2832 et
721 2771 892 2832 Priscianus
915 2772 1060 2832 docetes
1082 2771 1257 2834 Callimachi
1271 2793 1370 2834 versu.

282 2867 380 2946 Major
394 2887 462 2928 vero
475 2868 633 2928 difficultas
649 2867 784 2947 objicitur
803 2867 965 2928 innomine
987 2868 1053 2940 boc,
1076 2867 1230 2946 voluptas:
1251 2889 1289 2930 ex
1313 2891 1371 2950 quo

281 2961 330 3024 ille
344 2965 476 3024 vocalem
491 2963 616 3024 mediam
630 2963 819 3024 auferendum
832 2975 944 3032 censet,
958 2983 994 3024 eo
1007 2983 1093 3024 versu
1106 2963 1240 3024 Andriae:
1264 2967 1371 3035 ‘Quod

281 3060 449 3140 voluptates
462 3079 562 3119 eorum
576 3061 700 3139 propriae
714 3073 799 3120 sunt:
815 3081 882 3120 nam
895 3059 964 3120 mihi
977 3059 1200 3120 immortalitas!
1229 3061 1372 3122 Nonnihil

285 3163 418 3226 vernest,
429 3155 454 3214 si
467 3154 556 3214 sitite
566 3156 974 3235 pronuntiandum,.lolptas:
985 3156 1143 3216 nibilenim
1158 3154 1196 3215 ad
1210 3155 1373 3218 'l'beutoni-

283 3268 351 3310 cum
373 3267 479 3310 sonum
492 3249 632 3312 accedere
653 3263 752 3331 potest
772 3253 922 3332 proprius:
945 3265 1033 3332 atque
1047 3252 1104 3312 boc
1118 3263 1151 3312 ut
1165 3251 1371 3331 effugeremus,

283 3356 337 3405 aut
348 3345 592 3407 constitueremus
606 3348 745 3408 creticum
759 3349 788 3408 in
803 3349 906 3429 prima,
920 3349 1068 3410 autetiam
1081 3359 1277 3430 anapestum.
1299 3350 1375 3408 (lor-

284 3448 367 3520 repta
380 3441 458 3500 enim
471 3442 640 3521 conjunctio
654 3453 700 3504 est
714 3445 791 3517 alibi,
812 3445 859 3504 sel
879 3445 988 3525 judicio
1009 3445 1107 3504 illius:
1128 3464 1217 3524 quare
1234 3445 1284 3504 bio
1298 3465 1373 3524 quo·

284 3555 342 3614 que
367 3545 458 3595 esset.
500 3538 541 3595 At
560 3537 668 3598 frustra
684 3539 795 3602 viderer
814 3539 979 3600 laboratre:
1000 3541 1139 3618 quoniam
1153 3540 1213 3600 duo
1225 3559 1329 3601 versus
1343 3543 1372 3600 in

286 3631 397 3691 Casina
410 3641 490 3706 sunt,
503 3633 595 3695 nibilo
608 3636 693 3695 nobis
707 3636 912 3698 secundiores:
934 3646 942 3673 ⁸
956 3637 1025 3697 Sine
1039 3647 1107 3698 tuos
1122 3637 1233 3698 ocellos
1248 3638 1375 3699 deoscu-

284 3729 337 3800 ler,
359 3727 494 3809 voluptas
508 3749 583 3791 mea.
624 3733 703 3801 Quid
718 3733 872 3794 deosculer
892 3733 945 3792 tel
965 3753 1032 3814 quse
1057 3733 1129 3795 resi
1148 3754 1216 3814 quse
1237 3735 1374 3813 voluptas

285 3821 381 3884 meal’
416 3825 493 3886 Nam
506 3826 573 3900 nisi,
587 3827 683 3906 volup,
698 3827 790 3907 legas,
805 3839 856 3889 aut
869 3829 961 3889 facias
976 3840 1169 3910 anapestum,
1183 3851 1256 3890 sane
1270 3847 1377 3910 aspera

285 3930 332 3979 est
354 3922 562 3999 pronuntiatio.
606 3923 676 3997 Sed,
699 3926 844 4005 uoluptas,
867 3924 924 3985 luit
945 3927 1107 4008 volupetas,
1121 3947 1149 4000 a,
1163 3925 1230 3988 volo
1244 3935 1374 4006 etpeto:

285 4016 466 4093 quaomnia
479 4037 545 4077 cum
561 4019 621 4080 sint
633 4021 743 4093 brevia,
763 4039 823 4080 non
846 4020 1039 4082 immutamnt
1054 4033 1198 4082 naturam.
1239 4022 1317 4082 Nam
1332 4023 1375 4082 sic

285 4128 404 4190 quoque
416 4111 557 4191 corripias
579 4116 608 4176 in
623 4136 708 4179 versu
721 4137 758 4178 ex
771 4117 1116 4194 Heautontimorumeno,
1140 4119 1165 4179 si
1186 4119 1228 4179 its
1240 4119 1324 4200 legas
1339 4137 1376 4178 ex
