2958 4892
242 367 308 435 196
665 382 719 430 so.
745 379 910 430 nanctus

240 526 450 598 alterabrevis,
472 525 522 606 qui
542 523 667 584 maxime
690 522 788 582 iambo
811 519 977 582 contrarius
999 527 1055 583 est.
1097 519 1186 590 Quod
1209 520 1279 584 ideo
1293 523 1341 584 bic

239 626 332 686 obiter
346 641 462 694 moneo,
483 621 552 701 quia
576 621 680 679 Cicero
702 631 733 678 et
755 617 956 685 Quintilianus
979 616 1060 677 huuc
1077 616 1184 697 pedem
1199 617 1341 680 choreum

239 721 410 800 plerumque
423 717 585 797 appeliant,
599 715 682 774 illum
693 722 790 774 autem
802 713 926 772 alterum
941 711 1035 772 tribus
1048 713 1186 772 bravium
1199 724 1341 776 constan·

241 826 301 876 tem
315 815 476 875 trochaeum
492 823 615 873 vocant:
638 811 816 872 contrarium
829 829 898 870 vero
913 809 984 872 lacit
1001 809 1208 888 Hephaestion,
1230 820 1262 869 et
1278 810 1342 892 ple·

239 911 323 990 rique
338 909 537 990 grammatici:
558 927 635 988 quos
654 905 721 966 ideo
743 905 904 984 sequimur,
926 925 963 966 ne
979 925 997 966 a
1014 923 1093 966 more
1108 915 1227 985 recepto
1241 905 1341 969 disoc-

243 1007 313 1070 dere
327 1006 488 1068 videamur.
754 1007 760 1015 “

281 1101 539 1164 Proceleusmatici
552 1099 672 1180 quidem
686 1098 783 1160 minus
798 1098 965 1177 frequenter
979 1108 1137 1158 occurrunt
1147 1117 1238 1180 quam
1251 1097 1341 1160 ceteri

240 1199 332 1281 pade:
348 1198 612 1278 supramemorati,
627 1195 681 1258 aad
697 1213 909 1274 nonuunquam
923 1203 1021 1256 tamen
1036 1193 1235 1273 adhibentur:
1256 1203 1310 1256 ut:

360 1327 419 1395 Qui
433 1347 513 1407 saepe
526 1333 645 1406 propter
658 1324 797 1384 iuvidiam
812 1323 947 1385 adimunt
960 1321 1062 1384 diviti:

240 1457 349 1536 saepius
363 1463 460 1514 autem
476 1455 506 1513 in
521 1453 615 1533 prima
630 1451 711 1524 sede,
732 1463 762 1511 et
786 1453 816 1512 in
840 1453 876 1512 iis
903 1451 1081 1513 dictionibus
1096 1471 1163 1532 quae
1178 1451 1217 1513 ad
1233 1453 1342 1517 flexum

238 1551 321 1613 vocis
336 1551 431 1632 magis
446 1549 727 1612 accommodantur:
750 1559 803 1609 ut:

364 1681 410 1740 lta
423 1679 551 1761 populus
566 1677 665 1738 studio
679 1676 816 1757 stupidus
831 1677 861 1736 in
875 1676 1058 1738 funambulo.

363 1775 486 1836 Minime
499 1774 636 1854 equidem
651 1793 698 1834 me
712 1774 868 1846 oblectari,
883 1793 951 1853 quaa
964 1791 1032 1832 cum
1047 1771 1149 1834 milite.

242 1887 354 1956 Quinta
365 1907 435 1947 vero
449 1887 536 1946 sedes
558 1883 604 1945 vel
629 1884 923 1966 proceleusmaticum
946 1885 994 1944 vel
1016 1884 1186 1967 tribrachyn
1207 1905 1274 1948 raro
1289 1886 1339 1948 ad·

241 1983 347 2051 mittit:
363 2003 400 2044 ne
413 1982 526 2044 scilicet
539 1983 647 2042 nimius
661 1983 701 2043 sit
713 1983 845 2044 brevium
861 1981 1041 2064 syllabarum
1055 2002 1230 2056 concursus,
1241 2003 1339 2064 quem,

242 2099 334 2162 prope
347 2081 435 2140 finem
449 2099 561 2153 versus,
576 2099 662 2142 aurea
676 2101 736 2142 non
751 2079 839 2142 lacile
853 2081 1017 2160 patiuntur.

598 2245 655 2304 DE
682 2245 983 2305 TETRAMETRIS.

281 2359 454 2420 Tetrametri
468 2379 521 2419 seu
533 2359 676 2418 octonarii
690 2347 761 2418 sunt
772 2358 819 2418 rel
834 2357 960 2430 iambici,
975 2359 1020 2420 vel
1036 2358 1187 2420 trochaici.
1224 2359 1339 2421 Rursus

239 2449 355 2513 iambici
369 2455 528 2514 tetrametri
542 2463 612 2512 aunt
625 2452 671 2511 vel
686 2453 881 2528 acatalectici,
907 2453 952 2514 vel
967 2453 1141 2516 catalectici.
1182 2458 1339 2518 Acatalec·

240 2550 290 2610 tici
305 2560 457 2620 vocantur,
477 2550 527 2628 qui
546 2549 659 2627 justam
685 2568 851 2610 mensuram
874 2561 942 2611 octo
965 2551 1073 2632 pedum
1088 2571 1202 2632 semper
1217 2551 1339 2630 babent,

241 2665 365 2728 quorum
380 2644 499 2706 ultimus
511 2653 558 2706 est
572 2645 705 2705 iambus:

322 2758 372 2818 Nil
386 2769 447 2818 tam
461 2757 580 2820 difficile
594 2770 650 2831 est,
665 2760 736 2840 quin
750 2761 911 2840 quaerendo
925 2762 1093 2842 investigari
1106 2763 1227 2842 possiet.

240 2887 361 2946 lambici
382 2887 520 2947 catalecti
544 2889 657 2967 (quiet
680 2899 834 2949 scazontes
859 2889 1007 2964 dicuntur)
1030 2890 1220 2970 suntquibus
1234 2890 1264 2948 iu
1281 2890 1337 2950 line

240 3000 300 3041 una
324 2979 410 3042 deest
430 2982 555 3062 syllaba,
578 2982 678 3044 sedem
702 2985 856 3064 septimam
882 2987 944 3046 sive
966 2987 1157 3066 penultimam
1171 2999 1337 3067 occupante

240 3077 337 3138 iambo
349 3099 356 3137 :
379 3087 432 3136 nt:

274 3205 346 3264 Solu
363 3205 368 3284 Ι
386 3211 454 3264 tuat
468 3203 509 3266 od
524 3203 530 3286 Ι
547 3223 655 3266 coesoot
672 3203 678 3286 Ι
695 3215 798 3267 cocunt
817 3206 822 3288 Ι
839 3209 931 3272 adven
949 3209 954 3292 Ι
973 3217 1033 3271 tum
1045 3231 1105 3291 gra
1122 3210 1128 3292 Ι
1146 3209 1231 3272 tulos
1250 3207 1256 3291 Ι
1275 3218 1334 3271 tur.

240 3337 275 3394 ln
289 3333 471 3394 catalectici:
485 3347 595 3406 tamen,
619 3332 699 3414 apud
723 3334 868 3396 comicum
891 3349 1034 3410 nostrum,
1059 3357 1113 3419 pro
1133 3339 1230 3398 iambo
1255 3355 1334 3417 soepe

237 3429 356 3508 ponitur
366 3429 526 3514 spondoeus
536 3428 582 3488 vel
594 3427 731 3508 dactylus
746 3430 774 3488 in
788 3431 859 3492 sede
873 3432 985 3512 penult.
997 3433 1043 3492 vel
1054 3433 1143 3494 etiam
1153 3431 1334 3512 tribrachys:

241 3537 283 3598 ut,
300 3525 373 3587 Hec.
390 3545 430 3587 11.
445 3529 474 3585 2.

279 3640 373 3700 Novi:
395 3650 425 3699 et
438 3659 505 3719 quae
520 3639 593 3698 diois
607 3637 705 3698 omnia
719 3657 786 3698 esse
801 3649 833 3697 ut
848 3637 922 3699 dicis
936 3639 1064 3699 animum
1075 3637 1196 3700 induco.

279 3737 317 3796 Et
330 3749 358 3797 te
373 3737 429 3796 hoc
444 3735 514 3796 mibi
528 3736 615 3815 cupio
629 3733 759 3806 credere,
774 3734 853 3793 illam
869 3735 971 3794 advos
987 3735 1080 3795 redire
1095 3733 1212 3808 studeo,

277 3833 308 3892 Si
324 3834 418 3896 lacere
429 3834 539 3914 possim
552 3830 726 3892 ullomodo.
771 3831 802 3890 h.
826 3831 962 3900 Quaeres
977 3843 1007 3891 te
1019 3833 1114 3893 lacere
1130 3830 1161 3890 id
1175 3829 1334 3911 prohibet?

236 3959 388 4020 Trochaiei
402 3962 561 4020 tetrametri
576 3959 655 4038 apud
679 3959 758 4020 huuc
772 3971 921 4022 auctorem
936 3970 1006 4021 sunt
1020 3961 1191 4042 plerumque
1205 3961 1334 4022 catalec-

235 4055 297 4126 tici,
318 4057 337 4114 i.
352 4075 380 4116 e.
403 4057 508 4135 quibus
523 4056 553 4116 in
567 4057 625 4116 linc
639 4075 700 4116 una
718 4057 804 4118 deest
818 4059 935 4139 syllaba
949 4059 1056 4132 brevis,
1077 4059 1247 4139 quominus
1262 4077 1334 4118 con·

235 4161 315 4210 stent
327 4161 396 4211 octo
410 4151 504 4231 plenis
518 4152 655 4232 pedibus,
676 4172 799 4232 quorum
815 4156 956 4235 septimus
971 4167 1017 4216 est
1032 4155 1197 4216 trochaeus:
1221 4169 1272 4214 ut:
