2948 4890
241 333 305 398 its
492 423 495 434 Ι
699 352 868 403 nursuus

240 489 323 570 ‘Ego
337 510 466 552 meorum
481 493 561 552 solus
576 511 641 552 sum
655 497 758 555 meus.'
778 493 995 575 Apollodorus:

239 587 317 662 ’Epa
332 589 387 664 γάρ
400 591 458 667 εἶμι
471 591 554 668 μόνοι
567 598 622 650 νῦν
636 591 712 668 luds
722 592 796 670 ἒμόι.

656 733 725 794 Act.
736 752 784 795 ιν.
800 735 851 798 Se.
865 755 907 798 rr.

240 849 340 910 ‘Dicis
354 849 434 930 quod
447 851 516 910 mali
529 855 596 922 est:
607 855 665 914 &a
686 851 870 916 Menander:

360 977 477 992 -—·
488 945 598 1022 Atym
608 951 654 1008 dal
666 950 698 1010 ro*
712 953 830 1020 λυποῦν,

241 1041 342 1116 Μηδὲν
356 1046 578 1121 ἅνηπαρατιθιὶι
595 1053 650 1104 τῶν
663 1049 907 1124 προσλιγυμένυν.

241 1139 360 1218 Semper
373 1136 452 1218 quod
474 1127 625 1199 m'oerorem
646 1138 731 1200 affert
753 1159 866 1212 names,
888 1138 958 1200 nihil
984 1156 1085 1199 eorum
1099 1135 1226 1212 addens,
1250 1137 1329 1216 quod

281 1233 472 1295 exadversum
485 1235 622 1316 alloquiis
636 1236 676 1296 sit
687 1235 835 1298 idoneum.

648 1493 922 1522 m

583 1670 988 1738 COMMENTARIUM

353 1831 494 1890 RUFlNl
516 1830 553 1889 V.
575 1829 614 1888 D.
635 1830 900 1889 GRAMMATICI
922 1825 1224 1888 ANrrocrtaNsrs

534 1960 577 2018 ΙΝ
599 1957 741 2019 Merita
761 1958 1038 2019 TERENTIANA.

243 2127 438 2194 Evaurnrus
466 2136 497 2194 in
525 2131 745 2194 Commentario
773 2129 902 2192 Terentii
924 2131 963 2194 de
990 2131 1115 2204 Pabula,
1136 2129 1195 2192 hoe
1215 2140 1274 2204 est,
1295 2130 1333 2192 de

245 2227 406 2301 Comoedia,
421 2231 464 2290 sie
481 2228 572 2290 dicit:
595 2230 751 2290 concinna
765 2238 950 2307 argumento,
972 2227 1179 2288 consuetudini
1193 2245 1334 2306 congrua,

244 2321 323 2382 utilis
337 2324 502 2396 sententiis,
517 2333 603 2403 grata
617 2324 739 2395 salibus,
752 2332 824 2400 apta
837 2333 930 2382 metro
942 2343 951 2382 t
971 2333 1002 2382 et
1014 2333 1120 2402 postea
1134 2323 1193 2382 sia:
1214 2323 1334 2382 Veteres

246 2417 302 2476 stsi
316 2419 361 2476 usi
374 2417 429 2498 ipsi
439 2437 556 2498 quoque
576 2418 675 2479 metris
689 2417 888 2496 negligentius
902 2418 1019 2478 iambici
1032 2437 1135 2477 versus
1148 2417 1293 2477 duntaxat
1305 2418 1334 2477 in

246 2511 378 2572 secundo
392 2523 423 2574 et
446 2523 551 2593 quarto
571 2515 648 2586 loco,
672 2523 770 2573 tamen
793 2531 812 2572 a
832 2514 969 2574 Terentio
991 2513 1147 2574 vincuntur
1159 2513 1337 2574 resolutione

244 2607 332 2687 hujus
356 2609 439 2670 matri
459 2619 601 2688 quantum
625 2611 794 2671 comminuti
818 2610 857 2670 ad
880 2609 1037 2689 imaginem
1061 2625 1157 2688 prose
1185 2609 1335 2668 orationis.

245 2706 340 2782 Asper
353 2703 383 2763 in
398 2705 615 2766 Commentario
629 2705 755 2766 Terentii
767 2707 827 2765 sic:
850 2705 948 2765 Hoste
961 2723 1063 2765 versus
1075 2723 1163 2784 agere
1176 2706 1334 2783 cupisset:

243 2805 439 2880 transposita
454 2801 496 2862 itis
511 2801 667 2861 Mrentt'rm
681 2805 774 2861 attritu
787 2798 855 2858 hinc
869 2801 966 2860 abisse
979 2799 1110 2860 dbmum.
1145 2799 1185 2858 Et
1197 2798 1335 2880 deinceps

245 2913 313 2974 quae
337 2908 500 2976 sequuntur
522 2897 668 2977 quadrati.
714 2893 875 2956 Diomedes
899 2896 960 2955 sic:
992 2895 1195 2977 septenarium
1220 2913 1336 2955 versum

246 2993 339 3053 Varro
352 2994 414 3054 lieri
425 2993 497 3054 dicit
506 2993 564 3053 hoc
579 2993 678 3067 modo,
692 3011 760 3053 cnm
769 2991 807 3052 ad
818 2993 947 3053 iambum
968 2993 1137 3074 trisyllabus
1149 3013 1201 3075 pes
1211 2992 1339 3067 additor,

246 3099 277 3149 et
290 3089 325 3148 fit
338 3091 414 3149 tale:
436 3089 508 3169 quid
530 3090 750 3150 immerentibus
765 3089 877 3150 nbcesl
897 3088 969 3169 quid
983 3090 1097 3150 invides
1112 3088 1232 3150 animis?
1253 3089 1338 3150 Simi-

245 3184 311 3244 liter
324 3185 354 3243 in
367 3185 503 3246 Terentio
516 3205 618 3246 versus
629 3195 694 3246 est:
716 3185 793 3244 Niun
808 3191 834 3244 si
843 3185 991 3245 rtmittant
1001 3191 1148 3267 quippiam
1158 3183 1339 3246 Philumenae

247 3279 374 3341 dolores.
417 3281 457 3342 Et
469 3281 499 3341 in
512 3281 618 3342 Plauto
632 3302 712 3363 saepe
732 3281 807 3344 tales
827 3282 1022 3364 reperiuntur.
1063 3282 1156 3343 Varro
1170 3281 1207 3342 de
1223 3279 1338 3362 Lingua

247 3376 352 3437 Latina
366 3377 404 3437 ad
419 3377 592 3438 Marcellum
606 3379 670 3438 sic:
701 3377 799 3446 Quare
822 3377 853 3436 in
866 3376 1036 3457 hujusmodi
1049 3375 1123 3438 locis
1143 3378 1213 3457 poni
1223 3387 1341 3457 oportet

247 3481 347 3531 notam
371 3474 400 3532 in
422 3483 620 3534 transversum
645 3474 720 3536 inter
743 3473 884 3555 syllabas,
910 3474 1093 3552 frequentius
1118 3473 1157 3534 ad
1180 3485 1340 3534 extremum

246 3587 372 3640 versum,
386 3570 540 3642 senarium,
554 3579 585 3630 et
598 3571 716 3642 similes,
742 3571 765 3630 si
778 3590 832 3653 pro
845 3571 936 3652 longa
949 3573 1064 3632 brevem
1077 3571 1239 3642 habebunt,
1258 3579 1292 3628 ut
1305 3571 1336 3628 in

246 3663 322 3723 hoc:
345 3669 454 3724 ttnticr'rs
479 3675 609 3726 summias
632 3672 713 3728 mttis
733 3676 763 3727 et
786 3666 933 3748 pupillaris
958 3666 1045 3729 Geta.
1099 3663 1252 3727 Charisius
1272 3665 1339 3726 sic:

249 3759 453 3839 Septenarium
466 3780 582 3822 versum
600 3762 661 3823 fieti
685 3761 757 3822 dicit
770 3763 863 3823 Varro
879 3762 936 3823 hoe
950 3761 1050 3837 modo,
1068 3763 1188 3824 eumad
1210 3762 1341 3822 iambum

248 3853 418 3934 trisyllabus
432 3875 485 3936 pes
497 3856 623 3929 additur,
637 3867 671 3916 ut
683 3857 837 3938 praelatum
851 3869 908 3918 est.
951 3858 1072 3918 basaion
1087 3857 1125 3916 ad
1141 3857 1288 3918 Neronem
1304 3858 1342 3919 de

249 3951 372 4012 iambico
386 3954 429 4013 sie
444 3952 537 4014 dixit:
552 3955 698 4015 lumbicus
711 3965 809 4015 autem
819 3975 885 4015 eunt
893 3954 984 4035 pedes
995 3954 1083 4014 etiam
1098 3951 1236 4032 dactylici
1251 3973 1343 4032 gene—

246 4045 288 4106 ris
296 4049 551 4122 assumat,desinit
558 4051 698 4112 iambicus
711 4051 811 4126 rideri,
820 4051 877 4111 nisi
888 4053 1077 4132 percussione
1085 4049 1344 4123 itamoderareris,

248 4155 294 4219 ut²
305 4163 371 4206 eum
385 4145 492 4223 pedem
510 4145 674 4225 supplodis‚
698 4147 853 4208 iambicum
868 4148 955 4208 serias
967 4165 977 4207 r
996 4140 1121 4226 ideoque
1135 4147 1186 4206 ilia
1197 4144 1263 4208 loos
1274 4165 1343 4225 per·
