2948 4890
396 377 577 426 uossrrrusr
603 377 824 426 oosrrcotruss
853 379 977 428 narro.
1165 367 1227 432 107

177 521 318 580 Pasibula
327 519 398 578 vorti
408 529 514 598 potest,
524 519 668 578 Omnibus
683 519 840 580 consulens
851 539 858 578 ε
870 531 934 594 ectr,
944 523 1049 596 omnis,
1058 524 1227 586 universus:

133 616 234 690 βουλὴ,
249 615 416 676 consilium.
460 615 530 696 Ejus
544 615 651 696 quippe
666 616 777 695 agnitio
791 617 899 678 nemini
914 637 972 678 non
987 620 1145 692 consuluit,
1163 639 1226 680 om-

132 715 211 774 nium
225 712 343 774 animos
357 711 467 791 alioqui
482 712 698 774 turbatissimos
713 711 835 772 feliciter
850 715 1054 794 tranquillans.
1097 716 1131 776 ld
1145 717 1225 796 quod

133 809 368 872 luculentissime
384 808 473 870 docet
486 808 572 886 hujus
587 806 749 868 Comoediis
766 810 965 890 catastrophe.

173 907 363 980 Philumena,
384 906 418 966 ln
441 925 538 966 amore
564 925 754 984 perseverans
779 924 814 966 ac
839 906 1011 985 persistens.
1051 907 1179 969 Manena
1198 909 1227 968 iu

132 1004 272 1066 amicitia.
313 1003 405 1076 ona,
419 1004 548 1066 amicus:
568 1011 656 1082 μένω,
669 1023 784 1066 maneo.
827 1003 1018 1066 Scribaudum
1034 1015 1132 1066 autam
1146 1015 1227 1066 esset

132 1100 318 1174 Philomena,
342 1100 475 1162 secunda
488 1111 518 1162 et
532 1101 616 1161 tertia
629 1101 784 1160 brevibus:
807 1110 837 1160 at
854 1119 947 1165 causa
960 1101 1163 1182 productionis
1177 1122 1226 1164 ss·

133 1198 220 1257 sumit
236 1209 378 1277 aposto,
400 1207 434 1256 ut
448 1199 486 1257 ait
498 1195 700 1280 diphthongus
715 1221 757 1270 ov,
775 1217 864 1278 quam
879 1217 932 1258 nos
947 1198 976 1258 in
992 1218 1012 1258 ιι
1025 1197 1146 1276 longum
1161 1219 1225 1260 rar-

132 1293 229 1367 timus,
253 1293 387 1356 dieentes
402 1293 583 1354 Philumena.
633 1293 681 1354 Sic
695 1293 798 1356 dicunt
808 1294 904 1356 Graeci
920 1302 1027 1366 νοῦσοι,
1042 1293 1158 1374 οὕνομα,
1172 1315 1225 1374 pro

132 1394 221 1463 νόσοι,
242 1393 344 1472 ὄνομα.
384 1391 432 1450 Sic
458 1390 531 1450 dixit
550 1389 632 1472 Virg.
658 1391 796 1472 ‘Upilio,'
820 1411 883 1471 pro,
909 1391 1018 1470 Opilio.
1061 1391 1126 1452 Nisi
1149 1391 1224 1454 sorta

130 1491 194 1566 quis
208 1489 294 1548 malit
306 1487 414 1548 ducere
428 1507 446 1546 a
460 1489 547 1548 verbo
561 1492 705 1566 φιλοῦμαι,
725 1487 756 1550 id
777 1499 833 1558 est,
855 1488 1014 1550 concilior:
1035 1497 1070 1548 ut
1083 1488 1122 1550 sit
1134 1490 1223 1570 parti·

131 1586 238 1665 cipium
251 1588 443 1660 foerniuinum,
458 1588 542 1666 quasi
555 1585 720 1659 conciliata,
736 1585 782 1648 vel
796 1597 904 1648 amata.

169 1683 305 1758 Chrysis,
326 1685 434 1746 Aurea.
476 1681 593 1760 Χρισὸι,
617 1701 729 1744 aurum.
771 1682 942 1764 Chrysidas,
964 1701 1062 1744 aurem
1085 1681 1222 1764 crepida,

130 1777 175 1838 rel
197 1779 318 1859 phiala.
361 1781 494 1840 ‘Aurana
509 1777 621 1840 mores’
642 1779 723 1858 apud
746 1779 901 1842 Horatium
915 1779 990 1842 libro
1003 1791 1109 1860 quarto
1123 1781 1222 1842 Carra.

131 1875 185 1936 ode
201 1875 345 1950 secunda,
369 1887 551 1938 enarratores
569 1875 738 1958 intelligunt
756 1879 850 1940 bonos
865 1889 895 1938 et
909 1889 1040 1950 sanctos,
1063 1877 1223 1957 pulcherri-

131 1992 202 2046 mos,
223 1973 389 2053 elegantes,
413 1983 443 2034 et
467 1973 618 2045 amabiles,
639 1984 673 2034 ut
687 1973 766 2055 apud
780 1973 885 2054 Virgil.
900 1975 973 2036 libro
986 1989 1091 2034 octavo
1107 1973 1222 2034 AEneid.

131 2071 248 2131 ‘Aurea
261 2070 393 2130 secula!
434 2070 473 2130 Et
485 2091 586 2130 rursus
601 2071 679 2151 apud
694 2071 820 2132 eundern
835 2071 909 2134 libro
924 2093 958 2132 x.
972 2073 1088 2132 ‘Aurea
1100 2069 1224 2130 Venus!

133 2163 191 2225 Erit
207 2167 296 2245 igitur
311 2167 444 2247 Chrysis,
459 2187 558 2239 aurea,
572 2166 705 2246 elegans,
719 2167 864 2228 amabilis.

169 2263 261 2336 Simo,
286 2262 434 2343 Pamphili
456 2273 549 2342 pater,
572 2282 663 2324 senex
676 2282 751 2324 naso
763 2263 839 2324 simo
853 2273 883 2323 et
896 2281 1009 2344 presso,
1025 2261 1156 2342 aspceie
1169 2279 1223 2322 no·

131 2379 194 2422 men
208 2362 309 2432 habet,
324 2359 481 2440 quadrimi
496 2370 566 2420 sunt
579 2357 712 2420 iracundi
727 2371 756 2420 et
769 2357 878 2420 biliosi.

169 2457 354 2536 Pamphilus,
369 2455 556 2527 adolescens,
572 2475 590 2516 a
603 2455 683 2516 fideli
697 2473 806 2518 amore.
846 2455 940 2516 Totus
956 2471 1070 2526 amans,
1089 2450 1135 2512 vel
1151 2452 1223 2512 Orn-

132 2553 215 2616 nibus
230 2555 354 2616 amicus.
395 2554 469 2626 llis,
483 2563 575 2626 totus,
589 2553 684 2614 omnis
697 2572 704 2612 ι
725 2557 817 2634 phos,
831 2551 953 2612 amicus.

169 2651 282 2724 Davus,
297 2671 410 2724 servus,
425 2671 444 2710 a
456 2651 572 2732 patria:
595 2661 628 2712 ut
641 2649 731 2730 paulo
746 2659 814 2710 ante
828 2669 865 2710 ex
880 2649 1036 2708 Strabone.

171 2748 293 2820 Dromo,
308 2765 421 2816 serrns,
434 2766 452 2806 a
466 2765 565 2806 cursu.
600 2745 716 2825 Δρόμοι,
731 2765 853 2806 cursus:
869 2743 1009 2822 δρομαῐοι,
1023 2742 1120 2800 velox.
1155 2741 1223 2802 Ser·

133 2862 229 2902 vorum
244 2853 301 2914 est,
317 2841 454 2902 velociter
466 2859 593 2912 currere,
608 2858 667 2918 quo
679 2839 822 2917 jusserint
836 2837 957 2897 domini.

169 2937 264 3009 Sosia,
279 2937 413 3008 libertus,
435 2934 523 3004 Quod
539 2935 578 2995 sit
598 2935 627 2994 in
640 2934 719 2996 bello
734 2943 876 2994 servatus.
920 2932 1006 2992 Unde
1020 2941 1051 2992 et
1064 2932 1156 2992 serris
1170 2953 1223 2994 no-

131 3053 194 3094 men
208 3033 346 3092 inditum.
387 3033 485 3104 Σὼἓιι,
500 3051 595 3092 servo.

170 3130 328 3200 Charinus,
342 3129 527 3190 adolescens.
569 3130 616 3188 Ab
631 3127 720 3188 animi
733 3125 951 3188 benevolentia.
989 3124 1164 3204 anldopm,
1177 3123 1221 3185 ia·

130 3226 174 3285 cio
187 3241 284 3306 grata,
299 3227 458 3306 obsequor,
472 3237 502 3286 et
516 3224 689 3286 beneficium
705 3224 889 3304 gratiamque
902 3223 1032 3283 confero.

169 3321 303 3404 Byrrhia,
327 3343 439 3384 sersus.
482 3323 505 3381 A
533 3323 638 3402 patria,
662 3321 759 3402 inquit
784 3319 931 3381 Donatus.
974 3321 1051 3380 Sunt
1063 3318 1115 3398 qui
1128 3317 1223 3397 Phry·

131 3420 206 3498 pam
219 3419 266 3479 his
281 3419 392 3480 Donati
406 3419 502 3480 verbis
515 3429 621 3501 putent
643 3417 735 3478 innui.
776 3416 923 3498 Didymus
947 3425 1026 3476 certa
1046 3412 1224 3475 existimavit

129 3514 320 3596 Aphroditem
335 3515 500 3596 nuncupari
515 3521 591 3596 tropis
603 3516 635 3576 τὸ
648 3514 741 3592 ἀβρὸν
754 3523 801 3584 τῆς
815 3511 931 3586 dsnlrrys,
944 3511 1003 3572 hoc
1016 3523 1071 3582 est,
1087 3530 1105 3570 a
1127 3509 1222 3570 molli·

128 3611 166 3670 tie
178 3612 259 3680 ritoe.
302 3612 335 3672 Β
348 3611 426 3671 enirn
440 3622 569 3692 cognata
582 3610 697 3672 videtur
710 3609 803 3670 literae
817 3621 857 3690 p:
878 3627 948 3668 nam
967 3606 1145 3686 Philippum,
1170 3603 1224 3690 ali-

128 3708 177 3786 qni
200 3710 344 3769 Βίλιππον
357 3709 529 3788 appellant:
552 3709 629 3770 sieut
650 3707 797 3788 Phrygas,
822 3706 947 3786 Brygos.
989 3704 1101 3764 Auctor
1113 3699 1224 3760 Cealius

127 3803 179 3864 lib.
194 3825 298 3866 xxix.
311 3825 379 3885 cap.
396 3809 443 3867 18.
472 3807 554 3867 idern
568 3824 687 3885 quoque
700 3803 791 3864 tradit
804 3801 893 3862 lilius
907 3801 958 3860 lib.
976 3817 1056 3858 xrrr.
1087 3797 1114 3856 A
1129 3795 1223 3874 Phry·

128 3899 177 3977 gia
188 3901 279 3980 igitur
293 3922 345 3962 seu
362 3903 470 3983 Brygia
485 3921 592 3962 nomen
607 3909 687 3962 esset
708 3896 861 3978 Byrrhioe:
883 3893 974 3972 idque
998 3911 1050 3970 per
1071 3889 1223 3950 literarum

126 3998 313 4058 metathesin.
349 3999 441 4060 Porro
456 3999 591 4080 Phryges
605 3995 724 4078 ingenio
739 3995 831 4056 fuisse
845 3989 952 4060 servili,
968 3987 1117 4066 vulgatum
1131 3995 1223 4048 testa·

128 4102 174 4152 tur
195 4095 358 4176 adagium:
380 4097 479 4178 Phryx
503 4097 599 4178 plagis
623 4091 807 4156 emendatur.
848 4085 962 4148 Plinius
981 4083 1033 4144 lib.
1049 4103 1077 4143 v.
1091 4101 1156 4164 cap.
1172 4083 1222 4143 29.

128 4187 271 4269 Pyrrham
285 4193 385 4254 orbern
399 4195 472 4256 lacit
484 4195 593 4256 Carine.
635 4191 835 4262 Quintilianus
853 4185 894 4246 lib
910 4203 935 4244 1.
960 4181 1048 4244 docet
1062 4181 1094 4244 B
1107 4180 1222 4242 literam
