3012 4892
253 365 297 434 58
594 379 732 430 vrcroa
758 379 807 428 na
830 379 1021 431 ootlOEntn.

160 517 162 522 ’
254 523 307 584 riri
321 521 508 600 staminaque
522 520 561 582 ed
572 521 750 603 explendum
764 521 846 582 chori
861 541 1013 583 numerum
1034 519 1242 582 adhiberentur
1255 521 1348 601 (quod

254 620 362 680 teclam
376 617 484 678 dicitur
497 619 610 698 primus
624 616 753 678 omniurn
771 621 922 701 Tyrtaeus)
944 637 1040 678 mares
1051 617 1206 678 dimidium
1225 617 1350 678 excede·

253 717 337 776 baut.
380 715 412 773 Si
433 715 527 793 pueri,
550 725 612 774 tum
634 715 759 774 loeminis
783 715 897 776 illomm
916 713 1009 792 major
1030 733 1169 773 numems
1183 722 1255 773 erat.
1297 713 1350 770 Sin

256 820 354 871 antem
367 810 421 870 viri
433 795 691 890 tantum,juvenes
705 811 818 872 scilicet
839 831 875 872 ac
890 829 988 883 senes,
1001 808 1163 869 identidem
1178 811 1274 888 podtoe
1288 823 1351 866 ma-

251 907 333 988 jores
346 905 497 978 tredecim,
512 905 673 965 minoribus
686 906 824 968 undecim
839 906 1051 978 admiscebant,
1067 915 1168 984 utpote
1179 923 1302 983 quorum
1314 901 1352 960 de

257 1003 377 1063 nomine
390 1001 498 1062 chorus
511 1001 719 1081 appellaretur.
751 1003 882 1072 Quilibet
896 1013 993 1064 autem
1008 1021 1046 1062 ex
1056 1001 1103 1060 his
1116 1001 1224 1061 chorus
1237 999 1267 1058 in
1280 1017 1353 1077 qua-

258 1107 326 1158 tuor
339 1097 386 1174 (nt
399 1096 495 1174 aiunt)
514 1099 591 1174 ἓνγὰ
605 1097 800 1172 dividebatur,
824 1119 946 1180 quorum
972 1097 1090 1177 singula
1104 1115 1157 1156 sex
1170 1095 1355 1156 continerent

142 1217 146 1226 ·
260 1194 425 1254 saltatores.
480 1193 632 1267 Comicus,
657 1193 793 1273 inquam,
813 1195 871 1255 hoc
898 1203 988 1274 pacto
1015 1192 1122 1253 chorus
1148 1191 1354 1271 appetebatur.

262 1289 351 1364 Nam,
366 1290 443 1349 sicut
456 1287 614 1369 AEschylus
628 1289 719 1360 canit,
735 1291 868 1370 quinque
882 1298 1036 1349 tantumet
1046 1289 1148 1348 decem
1160 1285 1356 1366 inTragoedia

263 1386 432 1446 constabat.
483 1384 694 1464 Interdumque
718 1385 872 1446 dimidiato
902 1403 1024 1446 numero
1050 1384 1150 1460 (sicuti
1173 1381 1281 1442 Pollux
1305 1382 1357 1458 ait)

265 1479 461 1541 semichorum
484 1479 585 1540 induci
609 1479 695 1540 lacile
719 1479 878 1540 admodum
902 1491 951 1539 est
967 1477 1078 1539 ridere.
1122 1477 1204 1538 Idem
1227 1487 1357 1536 attamen

266 1575 367 1637 scribit
387 1575 418 1634 in
440 1576 538 1636 Veteri
557 1575 712 1656 'I'ragoedia
732 1575 855 1635 chorum
877 1574 1033 1635 saltatores
1056 1571 1195 1633 habuisse
1212 1571 1357 1651 quinqua·

267 1671 368 1751 ginta:
388 1689 499 1745 verum,
522 1671 662 1750 quoniam
678 1671 836 1752 AEschylus
850 1670 972 1732 totidem
987 1669 1166 1729 Eumenidas
1182 1667 1359 1740 induxisset,

267 1787 335 1846 quaa
353 1775 447 1827 totum
469 1787 531 1846 pree
555 1767 744 1828 multitudine
768 1768 914 1828 theatrum
928 1775 1180 1838 constemassent‚
1203 1764 1359 1825 cohibente

266 1863 334 1942 lege
356 1863 396 1923 ad
418 1863 572 1942 pauciores
595 1883 661 1924 esse
682 1864 851 1924 deventum.
893 1864 1025 1924 Arbitror
1049 1863 1136 1922 etiam
1159 1861 1190 1920 in
1208 1860 1360 1922 Comoedia

268 1977 337 2018 cum
360 1959 479 2018 Donato
494 1959 583 2039 longe
606 1959 705 2039 plures
727 1961 765 2020 ab
779 1960 862 2020 initio
876 1959 967 2020 luisse
988 1969 1135 2032 cantores,
1156 1957 1294 2038 quoniam
1314 1960 1361 2031 (ut

269 2053 445 2116 Aristoteles
467 2056 496 2114 in
522 2055 656 2116 Naturali
681 2057 809 2135 quadam
830 2055 920 2116 sentit
945 2055 1128 2130 Quaestione)
1150 2053 1233 2112 multi
1246 2051 1360 2113 facilius

270 2170 386 2212 servare
400 2167 536 2211 numeros
551 2163 685 2230 possunt.
716 2154 792 2212 Cum
806 2153 894 2233 igitur
908 2165 978 2232 post
991 2149 1099 2211 fabulae
1113 2149 1267 2229 prologum
1282 2157 1363 2208 essct

271 2245 451 2306 orchestram
463 2247 659 2325 ingressums,
674 2249 698 2308 si
706 2250 822 2309 rusticis
833 2259 993 2320 constaret,
1006 2247 1136 2307 adextro
1147 2245 1237 2306 latere
1249 2245 1364 2304 solebat

272 2341 382 2400 emitti:
404 2341 563 2401 sinautem
576 2342 707 2415 urbanis,
726 2363 744 2402 a
767 2345 886 2404 sinistra
899 2353 982 2423 parte
1000 2342 1146 2422 prodibat,
1160 2341 1364 2421 quadrataque

272 2436 368 2496 lorma
381 2437 548 2496 consistens
562 2436 735 2497 recedentes
758 2439 915 2499 histriones
936 2439 1120 2498 observabat.
1162 2435 1278 2497 Deinde
1291 2455 1364 2496 con·

273 2551 376 2592 veram
385 2531 423 2590 ad
435 2543 626 2610 spectatores,
635 2552 902 2614 quorsumcunque
913 2534 1022 2614 septies
1031 2533 1175 2593 theatrum
1187 2533 1364 2604 intuebatur,

274 2625 456 2705 totidemque
471 2627 633 2688 cantilenas
648 2627 800 2688 moderato
815 2641 902 2708 gestu
924 2631 1151 2710 pmnuutiahat:
1176 2627 1257 2708 quod
1278 2647 1365 2688 omne

274 2721 435 2800 ιιιιρᾶβοοιι
449 2724 487 2782 ab
504 2722 699 2802 Aristophane
722 2724 854 2804 pluribus
879 2725 909 2783 in
935 2725 1008 2785 locis
1030 2738 1226 2804 nuncupatur.
1267 2723 1366 2783 Prima

274 2817 363 2898 igitur
374 2819 522 2879 cantilena
535 2819 634 2878 statim
646 2821 684 2879 ab
698 2820 872 2880 histrionum
884 2820 1020 2880 discessu
1035 2822 1149 2899 prolata
1164 2823 1274 2897 reperis
1286 2837 1366 2879 com·

275 2914 357 2974 muni
371 2915 487 2974 nomine
501 2914 617 2975 dicitur.
659 2915 747 2987 Nam,
761 2915 903 2994 quicquid
917 2911 1043 2995 persona
1060 2916 1196 2994 quapiam
1210 2913 1367 2974 recedente

275 3021 421 3083 cantatur,
436 3011 616 3089 grammatici
631 3009 768 3070 Comicus
790 3021 971 3089 exponentes
994 3009 1126 3087 κορωνίδα
1146 3009 1244 3072 solent
1266 3009 1369 3089 appel·

276 3106 347 3166 lare.
389 3107 554 3183 Κομμάτιον
569 3124 637 3166 vero
650 3107 764 3186 proprie
779 3107 895 3181 dicitur,
909 3119 1056 3186 quatenus
1068 3105 1106 3165 da
1116 3106 1206 3166 choro
1216 3113 1368 3185 amputata

277 3201 430 3280 recisaqua
444 3200 588 3280 particula
602 3201 731 3262 videtur:
761 3201 792 3261 id
807 3221 825 3262 a
838 3202 1014 3282 quibusdam
1038 3204 1158 3261 eisdem
1170 3213 1257 3281 χοροῦ
1276 3201 1370 3260 nomi-

278 3306 376 3356 natur.
418 3294 566 3370 Secunda,
581 3295 752 3374 παράβασις,
766 3315 825 3358 non
848 3317 935 3357 secus
960 3316 996 3356 ac
1019 3307 1081 3357 tota
1104 3297 1221 3356 saltatio
1245 3295 1369 3355 dicitur:

280 3393 419 3473 quoniam
433 3391 524 3464 illinc,
547 3393 596 3453 ubi
618 3393 791 3453 constiterat
811 3393 930 3466 chorus,
955 3375 1097 3472 populum
1111 3412 1213 3452 versus
1238 3391 1370 3452 incedit:

280 3489 343 3548 aiae
357 3491 539 3560 ἀνάπαιστος,
553 3509 589 3548 eo
599 3489 679 3568 quod
694 3490 860 3568 frequenter
874 3489 1078 3569 hujuscemodi
1086 3499 1193 3548 cantus
1201 3499 1372 3566 anapaestos

280 3594 446 3663 usurparat.
488 3583 585 3644 Tertia
598 3593 708 3661 πνῖγος,
721 3595 774 3644 aut
786 3587 903 3661 μικρὸν,
917 3584 1064 3644 cantilena
1079 3583 1192 3644 scilicet
1205 3587 1251 3661 (ut
1265 3583 1372 3644 Pollux

282 3679 336 3755 ait)
350 3699 409 3739 una
423 3679 541 3758 spiritus
554 3683 743 3740 contentione
758 3681 883 3761 prolata,
897 3699 965 3760 quaa
979 3677 1035 3739 tria
1049 3679 1244 3758 sejunguntur
1265 3680 1302 3738 ab
1326 3671 1373 3738 in·

280 3775 385 3847 vicem,
410 3793 478 3834 cum
500 3774 622 3834 alterum
646 3775 729 3835 alteri
753 3775 864 3834 nullam
888 3775 997 3835 haheat
1019 3775 1172 3834 rationem.
1213 3774 1289 3842 Qum
1302 3795 1374 3836 vero

283 3881 457 3949 sequuntur,
482 3869 557 3928 inter
584 3889 617 3929 aa
643 3869 772 3948 quadam
808 3881 877 3930 sunt
904 3873 1016 3931 ratione
1046 3870 1215 3950 conjuncta,
1238 3870 1376 3932 videlicet

285 3968 388 4045 στροφὴ
412 3965 457 4024 vel
481 3963 548 4045 pide),
572 3965 633 4024 sive
657 3971 752 4043 μέλοι,
776 3967 928 4048 ἐπίρρημα,
951 3965 1131 4047 ἀντίστροφοι
1152 3965 1198 4026 vel
1212 3965 1329 4047 ἅνιρδὴ,
1345 3977 1377 4029 el

284 4063 487 4138 ἀντεπιρρημο,
501 4060 582 4140 quod
597 4061 663 4121 loco
678 4063 802 4141 septimo
816 4065 1000 4134 cantabatur,
1014 4068 1115 4142 στροφὴ
1129 4063 1206 4122 enirn
1221 4063 1282 4130 sire
1296 4067 1376 4124 dvri-

287 4169 400 4238 ιτμοροι
414 4156 551 4219 membris
565 4167 596 4217 et
618 4157 779 4220 carminum
804 4179 910 4240 genere
924 4160 1060 4240 quadrat.
1102 4159 1216 4220 Rursus
1235 4159 1376 4238 ἐπίρρημα
