2958 4892
276 341 347 408 192
546 351 581 404 r.
607 351 717 406 raam
742 348 1115 406 oaeaavarruuouoa

281 495 422 562 credibile
434 495 496 566 flur,
511 493 687 566 Molossum,
697 493 751 574 qui
765 501 850 558 tento
863 491 978 571 longior
992 501 1023 554 et
1041 491 1232 572 ponderosior
1254 493 1293 562 ait
1307 489 1369 552 aliie

282 591 417 672 pedibus,
439 591 488 650 hio
509 590 676 650 a'l'erentio
701 598 873 667 usurpatum
899 588 999 649 suinae.
1055 589 1131 648 Dein
1155 598 1258 668 poaaet
1285 589 1370 648 etiam

277 708 348 750 aree
365 687 510 760 Creticus,
525 705 609 748 exea
624 685 827 747 obeervatiooe
849 704 916 764 qum
939 684 1072 764 euporius
1094 685 1191 764 posin
1212 693 1270 755 eat,
1295 683 1369 752 circa

282 802 455 862 pronomen,
468 784 534 856 iate,
548 793 580 842 et
591 781 659 850 iile;
681 780 761 859 quod
775 791 873 842 tamen
888 779 936 842 hic
950 799 1050 840 verum
1064 797 1130 843 ease
1145 798 1204 838 non
1217 791 1303 859 puto.

322 877 478 951 bacchius,
493 895 545 938 eeu
560 876 723 946 Baccheus,
747 874 777 934 id
795 885 851 946 eet,
876 872 984 947 brevia
1007 875 1107 956 ionga,
1132 874 1231 954 ionga,
1253 873 1368 936 videon

277 973 389 1036 alieubi
403 974 531 1054 reperiri,
545 972 625 1052 quod
640 983 738 1034 tamen
752 971 849 1034 minua
861 990 958 1032 rerum
971 981 1028 1032 eat.

361 1069 453 1134 Andr.
468 1079 526 1130 aet.
542 1089 596 1129 111.
612 1087 653 1130 ao.
663 1071 696 1128 ,1.
711 1071 741 1127 4.
766 1066 846 1130 ‘Sed
867 1066 915 1126 hie
938 1065 1142 1146 Pam-philus:
1174 1065 1249 1145 quid
1277 1065 1367 1126 dicit?

460 1163 585 1224 firmarit
598 1163 706 1224 fidem·

282 1257 350 1320 Non
364 1268 420 1331 eet,
433 1260 570 1338 iuquam:
591 1276 658 1321 nam
672 1275 788 1318 versum
802 1257 844 1322 iba
856 1257 994 1326 seribere,
1008 1256 1051 1318 iu
1063 1257 1155 1320 meriti
1169 1255 1330 1324 debemus:

358 1353 420 1414 Sed
432 1353 481 1414 hic
495 1353 649 1432 Pampilu'‚
662 1351 733 1432 quid
747 1350 853 1412 ‹ri-ciri
873 1352 999 1412 firmavit
1010 1351 1107 1412 fidem.

281 1447 395 1510 Extrito
409 1449 430 1508 S
444 1449 543 1510 finali:
563 1468 624 1528 qua
634 1447 671 1508 de
685 1467 716 1508 re
728 1467 816 1508 mox:

361 1545 428 1606 Aet.
440 1565 494 1604 111.
509 1565 552 1606 eo.
565 1548 592 1606 3.
603 1548 651 1606 32.
674 1551 682 1579 ‘
695 1545 800 1624 Neque
811 1543 892 1608 ilium
902 1543 979 1606 bano
990 1553 1131 1624 perpetuo
1142 1542 1262 1616 habene,
1274 1561 1367 1623 neque
1472 1565 1473 1568 ¹

280 1733 348 1796 Nou
363 1744 410 1796 ert
423 1649 663 1803 iiddoffiirlde'eneet
676 1744 863 1816 anapestum
885 1753 953 1796 nam
966 1735 1044 1815 prior
1053 1735 1094 1808 in,
1104 1734 1195 1809 iilum,
1205 1737 1367 1799 eommunia

281 1839 328 1892 eet
341 1830 421 1910 apud
436 1831 569 1892 Veteres.

359 1925 434 1988 ibid.
450 1929 500 1988 ³4.
522 1927 584 1986 ‘At
596 1928 672 1988 istuc
686 1927 828 2005 periclum
842 1925 945 1988 in'blia
959 1925 1030 1998 fieri,
1044 1943 1131 2003 grave
1146 1924 1210 1985 eet!

280 2020 385 2098 Neque
399 2020 446 2080 hic
462 2021 615 2082 Baccheus
628 2031 684 2094 eet,
698 2041 765 2082 cum
779 2023 904 2102 priorem
918 2021 958 2094 in,
972 2023 1058 2092 istuc,
1072 2019 1147 2091 istic.
1169 2029 1201 2080 et
1214 2017 1280 2080 aliie
1295 2021 1367 2082 bene
1472 2031 1473 2034 ’

272 2114 379 2179 multia
401 2115 432 2178 id
453 2137 547 2195 genua
564 2118 729 2180 nominibua
743 2117 832 2178 modo
845 2117 965 2196 longam
979 2117 1110 2176 facerent
1123 2114 1254 2193 Antiqui,
1281 2115 1366 2174 modo

278 2211 395 2270 brevem
407 2231 415 2271 ι
437 2231 505 2271 nam
518 2213 561 2286 ib,
574 2223 608 2274 ut
621 2219 639 2274 θ
653 2213 731 2293 apud
746 2213 880 2285 Graecos,
904 2223 951 2272 eet
975 2211 1047 2271 levia
1072 2209 1173 2272 aibilue
1187 2219 1314 2281 rantum,
1337 2208 1366 2271 id

278 2316 335 2378 ert,
355 2326 442 2386 paene
456 2307 539 2368 nibil.
581 2309 667 2370 Adde
680 2309 772 2388 quod,
791 2307 942 2388 periclum,
961 2305 1263 2384 neceesariolongum
1278 2315 1324 2366 eat
1337 2306 1365 2364 in

279 2401 421 2472 eeounda,
441 2422 510 2464 nam
523 2403 597 2462 iilud
611 2405 625 2462 1
639 2413 707 2464 ante
720 2404 817 2483 ipeem
829 2402 1059 2464 decurtationem
1074 2401 1194 2479 longum
1207 2409 1281 2460 erat.

317 2496 338 2553 S
353 2496 428 2575 perit
441 2506 509 2556 ante
523 2507 746 2558 consonantem.
788 2499 960 2560 Lueretius:
982 2497 1115 2556 Ennius:
1137 2493 1282 2554 Plautus:
1296 2494 1366 2556 Tra·

279 2589 336 2669 giei
350 2599 473 2652 veteres.
514 2591 570 2664 Ita,
587 2591 679 2664 hern',
694 2591 792 2671 magi,
806 2593 902 2665 trieri,
916 2591 1017 2666 omoi’‚
1031 2595 1088 2654 ao.

300 2684 428 2772 'Sperit
448 2695 516 2745 ente
530 2685 682 2747 vocalem:
714 2687 879 2766 exemplum
907 2687 1023 2767 insigne
1047 2701 1103 2758 est,
1127 2679 1219 2752 Andr.
1234 2697 1294 2748 aot.
1312 2703 1364 2746 ιιι.

397 2799 439 2838 ec.
457 2783 484 2839 l.
501 2783 533 2840 8.

357 2873 491 2934 ‘bonum
505 2875 656 2955 ingenium
669 2895 771 2938 narres
785 2877 1017 2940 adole-eoeutia:
1038 2876 1200 2956 optimum!

278 2967 334 3028 Ubi
360 2971 526 3035 necessario
550 2971 799 3050 pronuntiandum
823 2984 879 3047 eet,
899 2974 994 3034 ecent'
1017 2973 1178 3052 optimum:
1199 2971 1275 3052 perit
1288 2974 1363 3032 enim

276 3063 318 3122 S:
339 3073 370 3122 et
382 3065 415 3123 fir
430 3065 618 3144 aynaloepbe:
640 3075 685 3126 eet
697 3077 795 3128 autem
809 3067 938 3131 trimeter
952 3069 1104 3132 iambicus.

355 3160 423 3220 Act.
438 3179 485 3218 rr.
499 3179 542 3221 eo.
558 3163 588 3222 5.
604 3163 632 3220 7.
654 3162 750 3222 ‘itan’
773 3163 919 3244 cbryusr
939 3164 1024 3224 hem!
1045 3182 1099 3225 noe
1112 3161 1296 3242 quidem-pol
1312 3161 1363 3222 mi·

430 3275 510 3317 aerae
523 3255 672 3335 perdidit!

275 3345 342 3420 Ubi,
355 3367 422 3408 oum
437 3351 457 3409 S
472 3363 572 3428 pereat
586 3353 627 3424 in,
642 3353 776 3433 Cbryeia,
790 3355 1005 3434 pronuntiabis,
1019 3353 1137 3434 Cbrya’,
1151 3355 1228 3416 bem.

354 3442 429 3508 ibid.
447 3447 493 3504 14.
515 3446 658 3526 ‘Semper
671 3451 748 3510 euim
759 3449 840 3512 dicta
852 3460 900 3510 eat
918 3450 980 3532 ejur
1002 3451 1077 3523 bec,
1100 3461 1187 3530 atque
1201 3450 1304 3512 habim
1317 3459 1362 3514 eet
1472 3495 1473 3498 κ

272 3635 520 3713 pronuntiandum
533 3561 654 3717 est·,0jrrd’r
664 3589 739 3711 iimo,
754 3659 814 3700 una
834 3641 950 3720 syllaba
963 3662 1015 3721 per
1029 3642 1184 3722 eynizeein,
1198 3660 1251 3700 eeu
1264 3640 1362 3699 conai-

273 3729 412 3792 dentiam.
454 3731 668 3821 Sed-exemplis
692 3753 798 3812 parco:
820 3747 891 3796 eunt
903 3738 980 3796 enim
994 3736 1230 3798 innumerabilia.
1272 3736 1361 3806 Hinc,

272 3825 366 3886 obiter
378 3826 485 3900 dicam,
501 3827 587 3888 facile
601 3827 699 3892 diseas
714 3848 782 3908 qum
796 3830 876 3909 apud
890 3841 1003 3892 veteres
1018 3833 1138 3895 Ladona
1152 3829 1362 3911 pronuntiandi

272 3920 455 3994 foedando,
477 3933 507 3984 et
528 3933 708 4005 quantopere
732 3925 783 3986 iila
807 3929 862 3987 aub
875 3929 893 3988 J
897 3929 954 3990 ulio
967 3939 997 3990 et
1011 3929 1177 3990 Octaviano
1190 3929 1360 3989 Cesaribus

274 4015 383 4074 variare
394 4015 522 4093 coeperit.

313 4109 516 4181 commentia,
526 4129 591 4186 eeu,
604 4122 638 4178 ut
648 4112 761 4177 Grauia
773 4113 888 4192 dieitur,
902 4119 1055 4198 eynireeie,
1070 4119 1318 4200 eiiieeyumreeie,
1331 4076 1362 4179 in
