2948 4890
277 403 340 468 156
585 417 720 467 ruerus
743 415 872 466 cesae
896 415 1083 465 soassean

275 559 353 620 enim
366 559 477 618 vocalis
491 556 620 630 eliditur,
635 557 686 619 sed
701 567 814 637 perstat
827 557 918 638 longa
929 569 998 618 ante
1009 557 1216 636 aspirationem
1229 555 1366 630 adverbii,
1427 526 1430 534 Ι

275 653 363 712 hine:
384 663 416 712 et
439 652 606 712 trochaicus
630 651 759 712 decurrit
782 653 952 712 ootonsrius
977 651 1178 712 catalecticus.
1231 653 1316 714 Sicut
1340 655 1366 714 in

274 749 365 808 verbo
378 748 580 828 monosyllabo
595 748 678 807 nulla
691 749 760 807 item
783 747 898 808 collisio
922 749 965 820 lit,
987 768 1082 828 neque
1108 748 1138 806 in
1163 747 1313 819 adverbio,
1334 768 1367 808 eo
1467 733 1468 756 ³

276 863 380 906 versu:
404 844 489 902 'Ora
510 863 567 916 ma,
589 845 711 904 obsecro
733 853 763 903 te
787 863 866 918 vero,
890 843 1038 914 Phaedria,
1064 843 1074 902 i
1097 843 1191 909 intro:
1217 843 1278 916 boi,
1303 831 1371 904 hei!

276 939 414 1018 Corrupit
426 940 513 1000 etiarn
528 939 706 1020 syllabarum
720 940 918 1020 quantitates:
940 951 973 1000 ut
988 939 1017 998 in
1032 939 1083 1000 illo
1096 937 1228 1018 ejusdem
1243 939 1367 1000 fabulae:

276 1040 284 1068 ⁴
301 1034 350 1096 Sic
364 1045 420 1108 est,
442 1034 586 1096 inveniam
601 1035 689 1096 hodie
703 1055 804 1116 parem
818 1037 867 1096 nbi
881 1038 930 1116 pol
945 1035 1067 1096 reseram
1083 1035 1228 1115 gratiam!
1269 1036 1366 1096 Ausus

275 1137 322 1190 est
335 1129 431 1190 dicere
446 1131 625 1202 adverbium,
639 1131 738 1204 hodie,
758 1133 879 1211 primam
895 1131 1078 1211 produceret
1099 1131 1249 1210 quoniam,
1264 1130 1367 1210 inquit,

274 1224 352 1284 idem
374 1227 421 1298 sit,
443 1246 477 1287 ac
499 1228 523 1286 si
545 1225 639 1300 dicas,
661 1227 717 1288 hoc
739 1227 797 1287 die.
838 1229 888 1300 At,
911 1227 990 1306 quod
1013 1245 1158 1305 nusquam
1180 1235 1236 1296 est,
1259 1238 1366 1286 narrat.
1468 1235 1469 1288 f

275 1319 351 1380 Nam
365 1341 433 1382 cum
443 1331 499 1394 est,
510 1322 567 1383 hoc
576 1321 634 1394 die,
645 1333 765 1402 propter
774 1322 949 1402 positionem
961 1320 1142 1400 producitur.
1174 1320 1251 1379 Nam
1264 1333 1366 1400 suapte

276 1427 381 1476 natura
403 1419 492 1478 breve
515 1437 675 1498 pronomen
698 1429 764 1480 est:
789 1418 867 1478 sicut
891 1417 954 1496 ejus
978 1435 1107 1496 compar,
1128 1415 1186 1476 hic.
1229 1414 1366 1476 Graecum

274 1511 350 1572 enim
364 1522 420 1584 est,
441 1513 467 1573 d.
509 1513 607 1582 Quare
630 1513 701 1573 illud
724 1513 935 1593 virgilianum:
958 1511 1045 1571 ‘Hoc
1060 1521 1123 1570 erat
1137 1511 1214 1570 alma
1227 1531 1336 1589 parens
1346 1511 1366 1570 τ’

274 1627 333 1668 non
349 1607 443 1668 solum
457 1619 576 1688 propter
590 1610 859 1690 interrogationem,
885 1606 938 1667 sed
953 1607 1041 1667 etiam
1054 1607 1093 1666 ob
1108 1605 1228 1686 syllabre
1244 1607 1366 1667 servitu·
1469 1633 1470 1652 κ

274 1713 342 1774 tem,
363 1703 476 1782 legunt,
495 1705 602 1776 Horae,
626 1705 646 1764 ii
664 1705 714 1784 qui
728 1703 885 1764 existimati
900 1713 970 1764 sunt
983 1701 1138 1762 doctiores.
1180 1701 1274 1762 Breve
1288 1703 1365 1762 enim

273 1799 364 1860 inisse
377 1799 424 1860 vel
446 1801 515 1860 inde
533 1801 770 1882 deprehenditur,
792 1801 841 1860 ubi
854 1811 1036 1860 consonante
1050 1798 1160 1858 amissa
1173 1798 1203 1856 in
1218 1797 1365 1871 adverbio,

272 1893 371 1968 bodie,
395 1907 559 1976 correptum
575 1909 640 1958 est:
662 1897 740 1976 quod
757 1897 844 1988 etiarn
858 1897 992 1976 exemplo
1006 1895 1137 1954 invenias
1152 1914 1187 1954 ex
1201 1914 1288 1955 versu
1304 1896 1365 1956 He·
1470 1948 1471 1982 ἶ

273 2007 371 2068 cyrae:
393 1989 519 2050 ‘Visum
545 2001 610 2052 est:
632 1991 774 2052 certonel
795 2002 874 2052 certe
897 1993 981 2052 Deus
1008 2009 1092 2060 sum;
1114 1990 1139 2050 si
1160 1989 1217 2050 boe
1242 1990 1284 2050 ita
1309 2000 1364 2063 est,
1470 1993 1471 2028 l

272 2104 373 2146 verum
386 2087 532 2166 reperias.'
573 2089 628 2148 Est
641 2089 718 2148 enim
732 2107 903 2169 pronomen,
926 2088 994 2160 hoc,
1020 2087 1152 2147 secunda
1166 2087 1280 2166 syllaba
1295 2085 1364 2146 dae·

271 2179 336 2260 tyli,
356 2181 406 2260 qui
430 2181 459 2240 in
484 2182 589 2262 quinta
614 2183 684 2244 sede
706 2195 772 2244 estr
793 2185 981 2263 quamobrem
1005 2203 1118 2256 versus,
1139 2183 1177 2244 de
1200 2202 1261 2262 qun
1285 2201 1364 2243 nunc

271 2277 471 2337 controversia
493 2287 549 2352 est,
569 2279 754 2359 septenarius
778 2289 825 2340 est
846 2279 999 2340 iambicus.
1049 2279 1083 2338 ln
1107 2279 1240 2338 convivio
1264 2289 1362 2338 autem

271 2373 397 2451 politico,
415 2373 497 2433 illum
512 2393 548 2434 ex
564 2373 699 2436 Eunuchi
713 2373 861 2454 Prologo:
882 2382 891 2410 ‘
905 2374 1010 2434 Habeo
1024 2373 1081 2434 alia
1095 2373 1188 2434 multa
1201 2393 1268 2452 quae
1282 2393 1361 2433 nune

271 2467 516 2529 condonabuntur
526 2470 543 2529 :'
565 2472 606 2530 ait
619 2470 793 2530 mendosum
807 2490 892 2531 esse:
914 2469 1099 2550 nequeenim
1114 2481 1267 2528 scazontes
1281 2470 1311 2528 in
1327 2489 1362 2530 ea

271 2581 380 2642 genera
394 2564 553 2624 carminum
569 2565 702 2625 admitti:
723 2565 822 2644 itaque
843 2575 877 2624 ut
898 2575 1021 2626 metrum
1044 2565 1211 2644 corrigeret,
1231 2563 1360 2644 linguam

271 2657 405 2717 Latinam
429 2658 609 2738 depravavit,
633 2679 701 2720 cnm
724 2661 889 2740 supposuit,
914 2660 1139 2720 condonabitur.
1191 2660 1269 2718 Nam
1295 2662 1359 2739 quis

271 2751 361 2825 dicat,
383 2755 448 2813 ‘Tu
473 2755 686 2818 condonaberis
710 2776 728 2816 a
748 2775 795 2816 me
816 2757 1040 2816 commentarios
1051 2753 1073 2813 l'
1113 2755 1160 2814 An
1182 2775 1252 2816 vero
1273 2758 1360 2816 etiam

271 2852 441 2938 deperdant
456 2871 546 2911 ausus
560 2862 616 2922 est,
636 2864 666 2911 et
687 2863 797 2911 rectum
812 2869 959 2930 apponere
972 2861 1070 2910 tamen
1085 2849 1210 2910 casum?
1249 2853 1290 2910 At
1303 2869 1360 2930 ego

157 2973 164 2988 ·
245 2949 342 3023 'puto
366 2945 499 3019 Veteres,
519 2947 665 3008 excitandi
691 2957 871 3025 spectatores
896 2947 1000 3025 gratia,
1021 2965 1122 3005 naevos
1145 2945 1235 3006 hosce
1260 2966 1362 3026 asper·

269 3041 360 3102 sisse:
375 3063 470 3120 neque
484 3043 513 3100 in
527 3061 563 3102 ea
576 3061 607 3101 re
620 3042 713 3100 falsus
727 3061 804 3102 sum.
834 3042 910 3100 Nam
925 3043 976 3122 qui
987 3041 1087 3102 decuit
1097 3042 1205 3112 minus,
1215 3043 1359 3122 spondam

269 3135 407 3195 claudere
422 3135 585 3208 iambicum,
600 3155 688 3215 quam
702 3135 880 3218 dactylicum
896 3136 1017 3198 sistere?
1036 3138 1077 3196 At
1087 3148 1229 3216 quantum
1243 3138 1359 3200 decoris

270 3231 353 3292 addit
376 3231 504 3306 affectui,
525 3253 592 3293 eum
614 3233 740 3294 diximus
754 3235 783 3294 in
798 3235 907 3294 inferiis
922 3235 1021 3295 liliolae
1034 3245 1155 3310 nostrae,
1176 3237 1284 3296 sororis
1298 3249 1358 3300 tura

269 3329 446 3398 lectissimae,
462 3329 561 3410 Sylvi:
585 3337 593 3370 ⁶
610 3331 676 3390 Heu
693 3330 749 3390 heu
764 3351 892 3410 quonam
907 3331 1044 3404 animam,
1064 3351 1123 3409 quo
1137 3331 1264 3392 camnine
1277 3353 1360 3393 com·

269 3423 386 3505 pellabn
397 3424 419 3483 i'
450 3423 509 3484 Sed
524 3424 561 3484 da
577 3425 622 3486 his
638 3426 765 3486 numeris
781 3427 810 3486 in
826 3425 911 3486 tertio
925 3426 998 3486 libro
1013 3425 1146 3487 Politices
1160 3427 1212 3487 tibi
1227 3429 1298 3488 satis
1313 3440 1359 3490 est

268 3521 462 3602 disputatum.
505 3521 551 3580 Ita
572 3521 754 3600 gravitatem,
776 3531 806 3581 et
827 3521 986 3594 leuitatem,
1007 3534 1038 3581 et
1058 3523 1253 3583 constantiam
1269 3525 1358 3586 animi

269 3617 429 3677 ostendens
452 3615 617 3689 Terentius,
638 3616 749 3676 remisit
772 3616 810 3677 de
835 3617 922 3677 iambi
944 3619 1120 3678 acerbitate:
1142 3637 1216 3678 neve
1229 3621 1293 3680 sine
1307 3641 1358 3682 ex-

267 3711 366 3792 emplo
389 3711 494 3772 fecisse
517 3732 584 3772 eum
608 3711 754 3782 arbitrere,
779 3711 902 3772 habebis
927 3731 963 3772 ex
986 3713 1114 3793 Prologo
1137 3715 1357 3796 Amphitryonis

268 3827 376 3869 unum:
398 3806 510 3876 ‘Quod
534 3826 590 3887 epo
614 3806 672 3866 hue
695 3805 825 3884 processi
849 3807 891 3866 sic
915 3826 982 3866 eum
1006 3807 1102 3868 servili
1124 3808 1264 3870 schema!
1303 3812 1358 3872 Est

267 3903 355 3975 enim,
370 3917 483 3982 σχῆματ
498 3919 666 3981 quanquam
682 3919 740 3958 non
756 3919 820 3959 eum
835 3902 952 3961 nescius
962 3902 1038 3962 viros
1052 3902 1158 3964 doctos
1173 3905 1290 3966 sublata
1304 3907 1358 3968 ali-

268 3999 346 4060 unde
361 3997 485 4078 syllaba,
498 3997 646 4068 schessote,
660 3996 758 4074 legere
773 3995 894 4056 solitos:
913 4017 1003 4076 quare
1017 3997 1098 4057 aliud
1112 3998 1222 4059 habeas
1236 4021 1273 4061 ex
1288 4003 1357 4062 ast·

267 4097 368 4154 naria:
390 4095 472 4172 ‘Age
486 4111 565 4150 nunc
578 4091 673 4152 reside
683 4091 746 4171 jam
760 4111 831 4150 cave
845 4093 934 4152 modo
948 4113 985 4152 ne
1000 4093 1118 4174 granis!
1158 4094 1262 4176 Neque
1276 4097 1354 4158 enirn

266 4199 426 4271 aequentur
446 4187 622 4269 analogiam,
642 4187 692 4278 qui
712 4189 852 4270 poteris
873 4187 1016 4270 legerint:
1038 4189 1128 4254 nihilo
1149 4211 1220 4253 sane
1239 4192 1355 4268 melios,
