2948 4890
240 357 284 424 80
657 375 705 424 na
728 375 919 428 runruao.

242 535 331 601 quarn
346 527 482 598 ageretur
496 519 660 591 comedia,
671 521 717 582 vel
731 520 807 580 inter
821 520 902 599 ipsos
914 531 1009 582 actua.
1034 521 1120 582 Unde
1131 522 1205 584 illud
1220 524 1334 586 Plauti:

242 618 382 678 ‘Tibicen
398 637 450 678 vos
466 618 577 678 interea
590 616 638 676 hio
654 615 836 676 delectabit!
877 615 1026 678 Lndiones
1049 627 1149 678 antem
1169 629 1201 680 et
1221 620 1336 682 histrio-

242 733 296 774 nes
311 714 349 774 ad
375 716 502 776 tibicinia
523 713 629 773 rnodos
651 713 810 784 saltabant,
831 723 862 774 et
881 713 1015 773 nonnihil
1040 715 1128 774 etiam
1144 715 1335 777 diverbiorum

242 811 483 888 pronuntiabant.
526 809 612 870 Unde
636 808 756 870 Livius:
787 809 955 870 ‘Ludiones
978 831 1015 871 ex
1042 811 1158 872 Etruria
1182 813 1279 882 acciti,
1300 812 1337 872 ad

243 907 370 966 tibicinis
388 908 492 968 modos
517 905 671 977 saltantes,
692 916 743 964 aut
765 904 921 966 indecoros
946 915 1042 966 motus
1057 927 1139 967 more
1152 907 1273 969 'lhuaco
1287 910 1339 969 da·

242 1002 334 1062 bant!
375 1004 528 1082 Proprium
546 1001 622 1061 enirn
637 999 784 1060 ludicrum
799 1019 834 1060 ac
849 1001 1012 1060 morionum
1027 1011 1091 1062 erat
1103 1015 1201 1062 motus
1215 1003 1340 1064 decoros

244 1118 280 1158 ac
301 1109 403 1178 gestus
428 1102 548 1160 omnino
572 1097 714 1157 decentes
739 1095 906 1156 ostendere.
960 1096 1123 1156 'fibicinum
1151 1109 1250 1158 autem
1279 1111 1342 1160 erat

244 1195 394 1266 decorum,
409 1194 525 1265 modos,
539 1193 596 1252 hoc
610 1203 833 1264 est,rnenauras
847 1193 876 1252 in
894 1203 984 1252 cantu
999 1195 1165 1266 observare,
1187 1195 1342 1256 remissos·

244 1311 313 1372 que,
328 1299 379 1350 aui
395 1301 510 1362 acutos,
526 1289 674 1358 autetiam
691 1308 795 1368 graves
805 1289 902 1350 facere
916 1307 968 1368 pro
983 1290 1111 1349 arbitrio.
1142 1289 1343 1370 ln'l'ragoedia

245 1397 275 1448 et
289 1387 386 1446 Satira
398 1385 549 1446 sexdecim
568 1405 690 1444 numero
711 1384 946 1446 interveniebant
958 1385 1105 1445 moriones
1119 1395 1150 1446 et
1162 1385 1341 1454 histrionear

244 1485 275 1544 in
290 1483 443 1544 Comoedia
458 1483 545 1543 ctiam
560 1491 686 1561 quatuor
699 1490 730 1540 et
743 1481 856 1560 viginti.
900 1481 958 1550 Qui
982 1480 1068 1542 simul
1096 1483 1191 1542 coacti
1204 1483 1232 1540 in
1247 1483 1343 1562 quoli-

245 1580 297 1639 bet
308 1579 411 1639 horum
428 1598 546 1660 genere,
561 1595 709 1658 unamque
724 1597 784 1636 rem
797 1587 930 1656 egentes,
945 1589 978 1637 ut
987 1577 1049 1656 jam
1064 1576 1247 1652 dictumest,
1263 1577 1342 1637 Cho·

246 1662 508 1743 rusuocabantur3
534 1673 621 1734 divisi
646 1673 675 1731 in
701 1673 776 1732 duaa
806 1683 915 1752 partes,
941 1673 1140 1734 Semiohoria:
1171 1673 1221 1734 ubi
1244 1685 1342 1734 autem

246 1781 350 1850 gestus
364 1782 394 1831 et
406 1783 512 1833 cantus
527 1771 718 1831 absolverant
731 1789 812 1842 suos,
825 1782 887 1830 turn
898 1771 927 1829 in
942 1780 1042 1850 partes
1057 1769 1156 1850 plures
1170 1769 1343 1830 divideban-

144 1893 148 1900 ’
246 1875 312 1926 tur:
334 1879 368 1926 ut
381 1868 431 1927 alii
444 1877 546 1928 eesent
560 1867 610 1946 qui
634 1884 732 1938 senes,
753 1865 801 1924 alii
826 1865 876 1944 qui
890 1877 1047 1931 amatores,
1070 1863 1268 1938 mulierculas,
1283 1884 1343 1924 aer·

196 2003 198 2012 .
247 1955 300 2020 ros
314 1961 462 2034 luderent,
475 1961 669 2042 personisque
684 1979 719 2019 ac
735 1960 859 2019 vestium
875 1961 1013 2020 varietate
1028 1958 1229 2033 induerentur,
1243 1979 1344 2040 quem·

248 2056 408 2118 admodum
419 2076 466 2117 res
480 2055 646 2128 exhibebat,
662 2073 697 2115 ac
711 2056 800 2115 moris
814 2065 877 2115 erat
891 2055 970 2136 apud
985 2075 1048 2116 eoa.

261 2285 444 2346 AMICTUS
467 2285 517 2344 ET
536 2284 741 2346 PERSONAE
763 2283 1027 2346 HISTRIONUM
1050 2283 1333 2346 SCENlCORUM.

289 2443 444 2503 Personati
457 2443 616 2504 histriones
633 2446 763 2524 agebant
776 2443 970 2516 comoediam,
985 2464 1081 2524 neque
1096 2444 1344 2522 agnoscebantur.

249 2537 310 2598 Sed
325 2539 366 2599 ita
375 2541 547 2618 compositae
563 2560 598 2601 ac
612 2541 749 2600 conflatae
763 2551 846 2602 erant
858 2560 1004 2621 personne,
1013 2553 1047 2600 ut
1059 2541 1200 2600 referrent
1210 2537 1239 2597 id
1249 2539 1345 2618 ipsum

249 2633 330 2714 quod
344 2654 362 2693 a
376 2635 465 2694 mimo
479 2637 641 2715 agebatur,
674 2635 835 2716 liceretque
860 2638 915 2696 sub
938 2637 1008 2716 ipsis
1030 2654 1131 2696 vocem
1156 2636 1219 2714 ejus
1244 2635 1346 2694 audire

248 2727 381 2790 liberam.
423 2727 512 2802 Nam,
527 2730 606 2809 quod
624 2731 758 2791 nonnulli
780 2732 893 2802 dicunt,
912 2731 1070 2791 histriones
1084 2742 1198 2791 tantum
1215 2733 1346 2810 gestibus

250 2825 434 2886 comoediam
448 2826 556 2906 egisse,
578 2845 638 2886 non
658 2826 746 2887 etiam
761 2826 828 2886 viva
846 2827 1020 2906 prolatione,
1035 2825 1064 2885 id
1080 2828 1176 2886 minus
1191 2826 1259 2886 mihi
1278 2845 1347 2905 pro·

248 2921 381 2981 bandum
396 2941 462 2982 esse
477 2922 600 2981 uidetur.
642 2923 853 2982 vestiebantur
866 2942 984 3002 quoque
996 2923 1153 2984 histriones
1167 2943 1219 3002 pro
1233 2924 1346 2982 ratione

250 3035 362 3090 eorum,
384 3035 460 3095 quos
482 3019 657 3088 referebant,
682 3017 740 3076 hoc
764 3029 820 3090 est,
842 3018 889 3077 vel
913 3037 1072 3090 servorum,
1098 3020 1143 3078 vel
1163 3037 1277 3090 senum,
1298 3020 1346 3079 vel

251 3112 371 3172 alterius
392 3131 527 3190 personae
543 3112 663 3172 dirersis
678 3111 785 3172 modia.
828 3113 954 3174 Senibus
976 3115 1096 3176 comicis
1111 3114 1257 3176 candidus
1271 3117 1347 3175 Ves-

251 3207 323 3266 titus
338 3208 474 3278 dabatur,
488 3209 537 3287 qui
550 3207 638 3267 etiarn
650 3207 872 3287 antiquissimus
886 3209 977 3270 fuisse
991 3221 1177 3270 memoratur.
1220 3209 1348 3270 Adoles-

251 3312 354 3362 centes
369 3302 508 3363 discolori
520 3315 601 3364 veste
615 3305 860 3383 contegebantur.
903 3306 985 3366 Servi
998 3305 1102 3366 comici
1117 3307 1224 3366 amictu
1240 3307 1348 3366 vestie·

251 3401 360 3460 bantur
372 3399 493 3480 exiguo,
507 3401 688 3480 paupertatis
703 3403 832 3479 antiquae
847 3401 950 3480 gratia,
962 3400 1008 3462 vel
1021 3421 1081 3483 qno
1094 3402 1262 3482 expeditius
1276 3421 1348 3480 age-

250 3505 325 3555 rent.
366 3496 491 3558 Parasiti
504 3517 570 3557 cum
596 3497 712 3558 intortis
736 3497 831 3577 palliis
847 3497 1015 3578 prodibant.
1058 3499 1169 3559 Milites
1190 3499 1347 3579 chlamyde

251 3611 399 3671 purpurea
413 3594 578 3652 utebantur.
622 3594 734 3656 Puelloe
748 3595 866 3656 babitus
881 3605 944 3656 erat
954 3597 1135 3675 peregrinus.
1168 3597 1248 3656 Leno
1258 3596 1348 3675 pallio

252 3689 325 3748 varii
339 3688 448 3748 coloris
462 3691 651 3751 vestiebatur.
683 3691 885 3754 Meretricibus
900 3690 1048 3751 dabantur
1062 3692 1206 3771 Syrmata,
1218 3692 1275 3751 hoc
1290 3703 1348 3764 est,

252 3792 349 3844 vestes
363 3804 513 3864 expansae,
527 3797 557 3845 et
571 3806 638 3864 quaa
663 3786 781 3866 longius
806 3786 1014 3846 trahebantur:
1044 3798 1129 3846 eram
1150 3806 1268 3868 quoque
1283 3788 1348 3867 ple-

252 3898 376 3959 rumque
390 3881 460 3941 lutei
471 3881 589 3953 coloris,
603 3884 642 3942 ob
657 3879 818 3942 avaritiam.
861 3883 996 3962 Syrmata
1006 3883 1106 3955 etiam,
1120 3903 1171 3944 scu
1185 3883 1267 3963 pulla
1280 3905 1348 3963 ges·

253 3977 356 4036 tabant
370 3977 506 4037 luctuosa
529 3979 719 4050 funeralibus,
739 3999 806 4058 quae
828 3979 968 4039 incuriam
991 3979 1037 4038 aui
1057 3999 1110 4060 per
1137 3977 1349 4059 negligentiam

254 4072 469 4149 significabant.
512 4074 583 4144 Sed,
598 4075 622 4133 ai
635 4074 756 4153 quando
767 4073 940 4134 sanandum
954 4075 984 4133 in
999 4075 1158 4136 Comoediis
1172 4085 1245 4149 erat,
1259 4079 1350 4136 vesti-

253 4175 361 4244 tusque
383 4169 611 4229 commutandus
634 4188 687 4248 pro
707 4169 872 4244 affectibus,
893 4189 969 4250 quos
992 4191 1030 4231 ex
1052 4172 1214 4232 Cornoediae
1232 4173 1364 4234 actibus»
