<?xml version="1.0" encoding="UTF-8"?>
<!DOCTYPE html PUBLIC "-//W3C//DTD XHTML 1.0 Transitional//EN"
    "http://www.w3.org/TR/xhtml1/DTD/xhtml1-transitional.dtd">
<html xmlns="http://www.w3.org/1999/xhtml" xml:lang="en" lang="en">
 <head>
  <title>
</title>
<meta http-equiv="Content-Type" content="text/html;charset=utf-8" />
  <meta name='ocr-system' content='tesseract 3.04.00' />
  <meta name='ocr-capabilities' content='ocr_page ocr_carea ocr_par ocr_line ocrx_word'/>
</head>
<body>
  <div class='ocr_page' id='page_1' title='image "./comoedisex05westgoog_0473.png"; bbox 0 0 3004 4896; ppageno 0'>
   <div class='ocr_carea' id='block_1_1' title="bbox 448 377 1239 446">
    <p class='ocr_par' dir='ltr' id='par_1_1' title="bbox 448 377 1239 446">
     <span class='ocr_line' id='line_1_1' title="bbox 448 377 1239 446; baseline 0.001 -2"><span class='ocrx_word' id='word_1_1' title='bbox 448 394 619 446; x_wconf 74' lang='lat' dir='ltr'>eunucus</span> <span class='ocrx_word' id='word_1_2' title='bbox 644 395 726 444; x_wconf 79' lang='lat' dir='ltr'>sor.</span> <span class='ocrx_word' id='word_1_3' title='bbox 744 397 800 444; x_wconf 87' lang='lat' dir='ltr'>sn.</span> <span class='ocrx_word' id='word_1_4' title='bbox 823 393 876 444; x_wconf 88' lang='lat' dir='ltr'>so.</span> <span class='ocrx_word' id='word_1_5' title='bbox 900 397 936 442; x_wconf 84' lang='lat' dir='ltr'>v.</span> <span class='ocrx_word' id='word_1_6' title='bbox 1172 377 1239 446; x_wconf 77' lang='lat' dir='ltr'>tue</span> 
     </span>
    </p>
   </div>
   <div class='ocr_carea' id='block_1_2' title="bbox 139 534 1240 1028">
    <p class='ocr_par' dir='ltr' id='par_1_2' title="bbox 141 534 1239 727">
     <span class='ocr_line' id='line_1_2' title="bbox 141 534 1239 623; baseline -0.001 -21"><span class='ocrx_word' id='word_1_7' title='bbox 141 534 234 617; x_wconf 84' lang='lat' dir='ltr'><strong>Quid</strong></span> <span class='ocrx_word' id='word_1_8' title='bbox 248 541 312 616; x_wconf 84' lang='lat' dir='ltr'>est,</span> <span class='ocrx_word' id='word_1_9' title='bbox 325 536 415 622; x_wconf 85' lang='lat' dir='ltr'>quod</span> <span class='ocrx_word' id='word_1_10' title='bbox 429 536 530 602; x_wconf 85' lang='lat' dir='ltr'>laetus</span> <span class='ocrx_word' id='word_1_11' title='bbox 543 536 618 602; x_wconf 79' lang='lat' dir='ltr'>sisi</span> <span class='ocrx_word' id='word_1_12' title='bbox 633 536 714 620; x_wconf 91' lang='lat' dir='ltr'>qnid</span> <span class='ocrx_word' id='word_1_13' title='bbox 729 539 791 602; x_wconf 92' lang='lat' dir='ltr'>tibi</span> <span class='ocrx_word' id='word_1_14' title='bbox 805 538 884 603; x_wconf 83' lang='lat' dir='ltr'>visi</span> <span class='ocrx_word' id='word_1_15' title='bbox 899 535 1000 604; x_wconf 83' lang='lat' dir='ltr'>setin’</span> <span class='ocrx_word' id='word_1_16' title='bbox 1014 541 1142 604; x_wconf 79' lang='lat' dir='ltr'>sunuel</span> <span class='ocrx_word' id='word_1_17' title='bbox 1158 537 1239 623; x_wconf 90' lang='lat' dir='ltr'>qnid</span> 
     </span>
     <span class='ocr_line' id='line_1_3' title="bbox 269 641 525 727; baseline -0.012 -22"><span class='ocrx_word' id='word_1_18' title='bbox 269 661 323 705; x_wconf 88' lang='lat' dir='ltr'>rue</span> <span class='ocrx_word' id='word_1_19' title='bbox 338 641 525 727; x_wconf 84' lang='lat' dir='ltr'>aspectosl</span> 
     </span>
    </p>

    <p class='ocr_par' dir='ltr' id='par_1_3' title="bbox 139 740 1174 819">
     <span class='ocr_line' id='line_1_4' title="bbox 139 740 1174 819; baseline -0.001 -14"><span class='ocrx_word' id='word_1_20' title='bbox 139 740 232 819; x_wconf 84' lang='lat' dir='ltr'><strong>Quid</strong></span> <span class='ocrx_word' id='word_1_21' title='bbox 246 743 365 806; x_wconf 85' lang='lat' dir='ltr'>tucosl</span> <span class='ocrx_word' id='word_1_22' title='bbox 411 743 478 807; x_wconf 83' lang='lat' dir='ltr'>Cu.</span> <span class='ocrx_word' id='word_1_23' title='bbox 504 741 535 804; x_wconf 91' lang='lat'>0</span> <span class='ocrx_word' id='word_1_24' title='bbox 551 741 657 806; x_wconf 85' lang='lat' dir='ltr'>festus</span> <span class='ocrx_word' id='word_1_25' title='bbox 673 741 744 805; x_wconf 88' lang='lat' dir='ltr'>dies</span> <span class='ocrx_word' id='word_1_26' title='bbox 760 741 921 805; x_wconf 88' lang='lat' dir='ltr'>hominis!</span> <span class='ocrx_word' id='word_1_27' title='bbox 939 742 1057 819; x_wconf 84' lang='lat' dir='ltr'><strong>amice,</strong></span> <span class='ocrx_word' id='word_1_28' title='bbox 1070 741 1174 806; x_wconf 84' lang='lat' dir='ltr'>solve.</span> 
     </span>
    </p>

    <p class='ocr_par' dir='ltr' id='par_1_4' title="bbox 141 841 1240 1028">
     <span class='ocr_line' id='line_1_5' title="bbox 141 841 1240 927; baseline -0.002 -19"><span class='ocrx_word' id='word_1_29' title='bbox 141 841 252 908; x_wconf 87' lang='lat' dir='ltr'>Nemo</span> <span class='ocrx_word' id='word_1_30' title='bbox 267 843 311 908; x_wconf 86' lang='lat' dir='ltr'>’st</span> <span class='ocrx_word' id='word_1_31' title='bbox 323 843 507 922; x_wconf 89' lang='lat' dir='ltr'>bominum,</span> <span class='ocrx_word' id='word_1_32' title='bbox 530 863 632 927; x_wconf 90' lang='lat' dir='ltr'>quom</span> <span class='ocrx_word' id='word_1_33' title='bbox 655 861 718 925; x_wconf 84' lang='lat' dir='ltr'>ego</span> <span class='ocrx_word' id='word_1_34' title='bbox 733 863 820 908; x_wconf 91' lang='lat' dir='ltr'>nuno</span> <span class='ocrx_word' id='word_1_35' title='bbox 835 843 942 926; x_wconf 83' lang='lat' dir='ltr'>magis</span> <span class='ocrx_word' id='word_1_36' title='bbox 957 861 1112 926; x_wconf 88' lang='lat' dir='ltr'>cuperem</span> <span class='ocrx_word' id='word_1_37' title='bbox 1127 843 1240 908; x_wconf 84' lang='lat' dir='ltr'>uidere</span> 
     </span>
     <span class='ocr_line' id='line_1_6' title="bbox 271 951 435 1028; baseline 0.018 -19"><span class='ocrx_word' id='word_1_38' title='bbox 271 963 373 1028; x_wconf 85' lang='lat' dir='ltr'>quum</span> <span class='ocrx_word' id='word_1_39' title='bbox 388 951 435 1012; x_wconf 81' lang='lat' dir='ltr'>te.</span> 
     </span>
    </p>
   </div>
   <div class='ocr_carea' id='block_1_3' title="bbox 141 1076 1244 1271">
    <p class='ocr_par' dir='ltr' id='par_1_5' title="bbox 141 1076 1244 1271">
     <span class='ocr_line' id='line_1_7' title="bbox 142 1076 1244 1142; baseline -0.002 -14"><span class='ocrx_word' id='word_1_40' title='bbox 142 1077 181 1127; x_wconf 81' lang='lat' dir='ltr'>lsie</span> <span class='ocrx_word' id='word_1_41' title='bbox 196 1077 289 1128; x_wconf 75' lang='lat' dir='ltr'>lebiton</span> <span class='ocrx_word' id='word_1_42' title='bbox 304 1080 413 1128; x_wconf 73' lang='lat' dir='ltr'>dmotmt</span> <span class='ocrx_word' id='word_1_43' title='bbox 441 1079 507 1135; x_wconf 83' lang='lat' dir='ltr'>Quid</span> <span class='ocrx_word' id='word_1_44' title='bbox 525 1083 560 1128; x_wconf 82' lang='lat' dir='ltr'>est</span> <span class='ocrx_word' id='word_1_45' title='bbox 576 1077 637 1142; x_wconf 78' lang='lat' dir='ltr'>quod</span> <span class='ocrx_word' id='word_1_46' title='bbox 654 1082 746 1128; x_wconf 78' lang='lat' dir='ltr'>tostum</span> <span class='ocrx_word' id='word_1_47' title='bbox 763 1077 873 1126; x_wconf 77' lang='lat' dir='ltr'>letitiam</span> <span class='ocrx_word' id='word_1_48' title='bbox 888 1076 1019 1142; x_wconf 76' lang='lat' dir='ltr'>eeprisss&#39;st</span> <span class='ocrx_word' id='word_1_49' title='bbox 1047 1077 1112 1133; x_wconf 71' lang='lat' dir='ltr'>Quid</span> <span class='ocrx_word' id='word_1_50' title='bbox 1129 1077 1174 1126; x_wconf 81' lang='lat' dir='ltr'>tibi</span> <span class='ocrx_word' id='word_1_51' title='bbox 1190 1077 1244 1128; x_wconf 77' lang='lat' dir='ltr'>cist</span> 
     </span>
     <span class='ocr_line' id='line_1_8' title="bbox 142 1141 1243 1207; baseline -0.001 -15"><span class='ocrx_word' id='word_1_52' title='bbox 142 1141 328 1207; x_wconf 74' lang='lat' dir='ltr'>Sotiuesopist</span> <span class='ocrx_word' id='word_1_53' title='bbox 346 1143 584 1200; x_wconf 79' lang='lat' dir='ltr'>Qsddmeistserist</span> <span class='ocrx_word' id='word_1_54' title='bbox 603 1141 666 1197; x_wconf 73' lang='lat' dir='ltr'>Quid</span> <span class='ocrx_word' id='word_1_55' title='bbox 677 1143 747 1191; x_wconf 84' lang='lat' dir='ltr'>silest</span> <span class='ocrx_word' id='word_1_56' title='bbox 779 1143 830 1192; x_wconf 81' lang='lat' dir='ltr'>Cu.</span> <span class='ocrx_word' id='word_1_57' title='bbox 850 1142 1091 1202; x_wconf 79' lang='lat' dir='ltr'>0loetssetsussstss</span> <span class='ocrx_word' id='word_1_58' title='bbox 1101 1141 1243 1192; x_wconf 80' lang='lat' dir='ltr'>mibidiesf</span> 
     </span>
     <span class='ocr_line' id='line_1_9' title="bbox 141 1205 1243 1271; baseline -0.002 -13"><span class='ocrx_word' id='word_1_59' title='bbox 141 1205 365 1271; x_wconf 56' lang='lat' dir='ltr'>animalium.</span> <span class='ocrx_word' id='word_1_60' title='bbox 399 1207 642 1270; x_wconf 66' lang='grc' dir='ltr'>Νωοωιοιιιιὶω,</span> <span class='ocrx_word' id='word_1_61' title='bbox 662 1220 783 1270; x_wconf 73' lang='lat' dir='ltr'>pernego</span> <span class='ocrx_word' id='word_1_62' title='bbox 801 1207 1243 1270; x_wconf 71' lang='lat' dir='ltr'>srmcnogiseuperrostidereqsom</span> 
     </span>
    </p>
   </div>
   <div class='ocr_carea' id='block_1_4' title="bbox 140 1415 1255 4308">
    <p class='ocr_par' dir='ltr' id='par_1_6' title="bbox 140 1415 1255 4308">
     <span class='ocr_line' id='line_1_10' title="bbox 142 1415 1242 1485; baseline 0.003 -18"><span class='ocrx_word' id='word_1_63' title='bbox 142 1415 239 1467; x_wconf 85' lang='lat' dir='ltr'>tionem</span> <span class='ocrx_word' id='word_1_64' title='bbox 252 1416 330 1481; x_wconf 85' lang='lat' dir='ltr'>aliqui</span> <span class='ocrx_word' id='word_1_65' title='bbox 342 1415 402 1467; x_wconf 83' lang='lat' dir='ltr'>libri</span> <span class='ocrx_word' id='word_1_66' title='bbox 421 1417 516 1468; x_wconf 85' lang='lat' dir='ltr'>nullasu</span> <span class='ocrx_word' id='word_1_67' title='bbox 531 1418 645 1483; x_wconf 86' lang='lat' dir='ltr'>bsbeut;</span> <span class='ocrx_word' id='word_1_68' title='bbox 662 1419 739 1485; x_wconf 86' lang='lat' dir='ltr'>cliqni</span> <span class='ocrx_word' id='word_1_69' title='bbox 759 1433 820 1469; x_wconf 85' lang='lat' dir='ltr'>vero</span> <span class='ocrx_word' id='word_1_70' title='bbox 841 1419 890 1468; x_wconf 87' lang='lat' dir='ltr'>boc</span> <span class='ocrx_word' id='word_1_71' title='bbox 908 1417 994 1480; x_wconf 80' lang='lat' dir='ltr'>modo,</span> <span class='ocrx_word' id='word_1_72' title='bbox 1009 1422 1051 1468; x_wconf 79' lang='lat' dir='ltr'>unt</span> <span class='ocrx_word' id='word_1_73' title='bbox 1067 1419 1124 1482; x_wconf 73' lang='lat' dir='ltr'>qnid</span> <span class='ocrx_word' id='word_1_74' title='bbox 1139 1418 1199 1469; x_wconf 84' lang='lat' dir='ltr'>tibi:</span> <span class='ocrx_word' id='word_1_75' title='bbox 1216 1419 1242 1470; x_wconf 89' lang='lat' dir='ltr'>iu</span> 
     </span>
     <span class='ocr_line' id='line_1_11' title="bbox 142 1481 1243 1547; baseline 0.004 -17"><span class='ocrx_word' id='word_1_76' title='bbox 142 1481 215 1531; x_wconf 87' lang='lat' dir='ltr'>nullo</span> <span class='ocrx_word' id='word_1_77' title='bbox 226 1488 276 1544; x_wconf 89' lang='lat' dir='ltr'>est,</span> <span class='ocrx_word' id='word_1_78' title='bbox 292 1482 392 1546; x_wconf 81' lang='lat' dir='ltr'>quidue:</span> <span class='ocrx_word' id='word_1_79' title='bbox 408 1490 438 1532; x_wconf 87' lang='lat' dir='ltr'>nt</span> <span class='ocrx_word' id='word_1_80' title='bbox 449 1483 475 1532; x_wconf 91' lang='lat' dir='ltr'>iu</span> <span class='ocrx_word' id='word_1_81' title='bbox 488 1483 628 1547; x_wconf 73' lang='lat' dir='ltr'>impressis.</span> <span class='ocrx_word' id='word_1_82' title='bbox 646 1483 690 1534; x_wconf 83' lang='lat' dir='ltr'>Fu.</span> <span class='ocrx_word' id='word_1_83' title='bbox 725 1485 809 1533; x_wconf 86' lang='lat' dir='ltr'>Etiam</span> <span class='ocrx_word' id='word_1_84' title='bbox 832 1484 912 1532; x_wconf 78' lang='lat' dir='ltr'>nostri</span> <span class='ocrx_word' id='word_1_85' title='bbox 949 1483 1050 1546; x_wconf 88' lang='lat' dir='ltr'>lerique</span> <span class='ocrx_word' id='word_1_86' title='bbox 1069 1483 1243 1546; x_wconf 82' lang='lat' dir='ltr'>disjunctione</span> 
     </span>
     <span class='ocr_line' id='line_1_12' title="bbox 141 1546 1240 1610; baseline 0.004 -15"><span class='ocrx_word' id='word_1_87' title='bbox 141 1559 171 1595; x_wconf 78' lang='lat' dir='ltr'>ce</span> <span class='ocrx_word' id='word_1_88' title='bbox 190 1546 230 1594; x_wconf 83' lang='lat' dir='ltr'>sel</span> <span class='ocrx_word' id='word_1_89' title='bbox 247 1551 288 1596; x_wconf 84' lang='lat' dir='ltr'>urst</span> <span class='ocrx_word' id='word_1_90' title='bbox 306 1555 412 1608; x_wconf 86' lang='lat' dir='ltr'>careut;</span> <span class='ocrx_word' id='word_1_91' title='bbox 429 1561 513 1610; x_wconf 81' lang='lat' dir='ltr'>neusse</span> <span class='ocrx_word' id='word_1_92' title='bbox 533 1549 610 1596; x_wconf 84' lang='lat' dir='ltr'>stiter</span> <span class='ocrx_word' id='word_1_93' title='bbox 622 1555 676 1597; x_wconf 81' lang='lat' dir='ltr'>stet</span> <span class='ocrx_word' id='word_1_94' title='bbox 694 1563 793 1598; x_wconf 80' lang='lat' dir='ltr'>uersus.</span> <span class='ocrx_word' id='word_1_95' title='bbox 811 1548 883 1597; x_wconf 75' lang='lat' dir='ltr'>Beni.</span> <span class='ocrx_word' id='word_1_96' title='bbox 942 1551 966 1595; x_wconf 85' lang='lat' dir='ltr'>at</span> <span class='ocrx_word' id='word_1_97' title='bbox 978 1547 1034 1610; x_wconf 77' lang='lat' dir='ltr'>qnid</span> <span class='ocrx_word' id='word_1_98' title='bbox 1044 1547 1163 1598; x_wconf 85' lang='lat' dir='ltr'>sibiVet.</span> <span class='ocrx_word' id='word_1_99' title='bbox 1175 1547 1240 1599; x_wconf 88' lang='lat' dir='ltr'>Ccd.</span> 
     </span>
     <span class='ocr_line' id='line_1_13' title="bbox 143 1607 1242 1676; baseline 0.003 -17"><span class='ocrx_word' id='word_1_100' title='bbox 143 1607 218 1659; x_wconf 83' lang='lat' dir='ltr'>Lissi.</span> <span class='ocrx_word' id='word_1_101' title='bbox 251 1609 490 1661; x_wconf 63' lang='lat' dir='ltr'>transeundus.</span> <span class='ocrx_word' id='word_1_102' title='bbox 508 1615 532 1660; x_wconf 76' lang='grc'>3.</span> <span class='ocrx_word' id='word_1_103' title='bbox 567 1612 610 1662; x_wconf 83' lang='lat' dir='ltr'>Sic</span> <span class='ocrx_word' id='word_1_104' title='bbox 628 1613 698 1661; x_wconf 91' lang='lat' dir='ltr'>delet</span> <span class='ocrx_word' id='word_1_105' title='bbox 716 1613 792 1661; x_wconf 80' lang='lat' dir='ltr'>lietb.</span> <span class='ocrx_word' id='word_1_106' title='bbox 825 1611 1187 1676; x_wconf 75' lang='lat' dir='ltr'>DatPerl.qsidesttqeod</span> <span class='ocrx_word' id='word_1_107' title='bbox 1206 1612 1242 1662; x_wconf 86' lang='lat' dir='ltr'>sie</span> 
     </span>
     <span class='ocr_line' id='line_1_14' title="bbox 140 1675 1244 1740; baseline 0.004 -17"><span class='ocrx_word' id='word_1_108' title='bbox 140 1675 299 1736; x_wconf 67' lang='lat' dir='ltr'>gestiet-ll</span> <span class='ocrx_word' id='word_1_109' title='bbox 316 1675 432 1724; x_wconf 80' lang='lat' dir='ltr'>Laetsses</span> <span class='ocrx_word' id='word_1_110' title='bbox 443 1677 509 1738; x_wconf 79' lang='lat' dir='ltr'>lege.</span> <span class='ocrx_word' id='word_1_111' title='bbox 530 1677 600 1724; x_wconf 80' lang='lat' dir='ltr'>Best.</span> <span class='ocrx_word' id='word_1_112' title='bbox 632 1677 719 1738; x_wconf 71' lang='lat' dir='ltr'>Vulgo</span> <span class='ocrx_word' id='word_1_113' title='bbox 736 1678 754 1726; x_wconf 84' lang='grc' dir='ltr'>ι.</span> <span class='ocrx_word' id='word_1_114' title='bbox 767 1676 809 1725; x_wconf 85' lang='lat' dir='ltr'>sis.</span> <span class='ocrx_word' id='word_1_115' title='bbox 841 1675 893 1724; x_wconf 88' lang='lat' dir='ltr'>Sed</span> <span class='ocrx_word' id='word_1_116' title='bbox 913 1684 1028 1725; x_wconf 85' lang='lat' dir='ltr'>nostrum</span> <span class='ocrx_word' id='word_1_117' title='bbox 1046 1676 1094 1739; x_wconf 86' lang='lat' dir='ltr'>[sc.</span> <span class='ocrx_word' id='word_1_118' title='bbox 1105 1679 1122 1726; x_wconf 79' lang='lat' dir='ltr'>l.</span> <span class='ocrx_word' id='word_1_119' title='bbox 1133 1675 1168 1740; x_wconf 85' lang='lat' dir='ltr'>es]</span> <span class='ocrx_word' id='word_1_120' title='bbox 1189 1690 1244 1727; x_wconf 84' lang='lat' dir='ltr'>rec·</span> 
     </span>
     <span class='ocr_line' id='line_1_15' title="bbox 141 1737 1243 1804; baseline 0.004 -18"><span class='ocrx_word' id='word_1_121' title='bbox 141 1737 207 1787; x_wconf 85' lang='lat' dir='ltr'>tius.</span> <span class='ocrx_word' id='word_1_122' title='bbox 222 1737 353 1801; x_wconf 73' lang='lat' dir='ltr'>Ripense</span> <span class='ocrx_word' id='word_1_123' title='bbox 370 1739 521 1804; x_wconf 77' lang='lat' dir='ltr'>‘aspectas’</span> <span class='ocrx_word' id='word_1_124' title='bbox 540 1741 623 1790; x_wconf 88' lang='lat' dir='ltr'>trudit</span> <span class='ocrx_word' id='word_1_125' title='bbox 640 1755 699 1790; x_wconf 87' lang='lat' dir='ltr'>cnm</span> <span class='ocrx_word' id='word_1_126' title='bbox 719 1741 761 1789; x_wconf 88' lang='lat' dir='ltr'>ed.</span> <span class='ocrx_word' id='word_1_127' title='bbox 781 1739 877 1803; x_wconf 88' lang='lat' dir='ltr'>Delpb.</span> <span class='ocrx_word' id='word_1_128' title='bbox 897 1739 923 1788; x_wconf 92' lang='lat' dir='ltr'>in</span> <span class='ocrx_word' id='word_1_129' title='bbox 943 1753 1044 1788; x_wconf 85' lang='lat' dir='ltr'>versum</span> <span class='ocrx_word' id='word_1_130' title='bbox 1064 1744 1103 1790; x_wconf 78' lang='lat' dir='ltr'>le.</span> <span class='ocrx_word' id='word_1_131' title='bbox 1137 1741 1181 1790; x_wconf 84' lang='lat' dir='ltr'>Sic</span> <span class='ocrx_word' id='word_1_132' title='bbox 1198 1739 1243 1792; x_wconf 83' lang='lat' dir='ltr'>det</span> 
     </span>
     <span class='ocr_line' id='line_1_16' title="bbox 144 1801 1240 1868; baseline 0.003 -17"><span class='ocrx_word' id='word_1_133' title='bbox 144 1801 271 1852; x_wconf 83' lang='lat' dir='ltr'>Botbius:</span> <span class='ocrx_word' id='word_1_134' title='bbox 291 1802 357 1856; x_wconf 81' lang='lat' dir='ltr'>Quid</span> <span class='ocrx_word' id='word_1_135' title='bbox 373 1805 441 1852; x_wconf 77' lang='lat' dir='ltr'>letus</span> <span class='ocrx_word' id='word_1_136' title='bbox 460 1809 499 1854; x_wconf 81' lang='lat' dir='ltr'>ert</span> <span class='ocrx_word' id='word_1_137' title='bbox 515 1805 572 1868; x_wconf 80' lang='lat' dir='ltr'>quid</span> <span class='ocrx_word' id='word_1_138' title='bbox 588 1806 624 1854; x_wconf 85' lang='lat' dir='ltr'>eis</span> <span class='ocrx_word' id='word_1_139' title='bbox 641 1805 696 1864; x_wconf 86' lang='lat' dir='ltr'>tibi,</span> <span class='ocrx_word' id='word_1_140' title='bbox 714 1806 754 1866; x_wconf 71' lang='lat' dir='ltr'>ise.</span> <span class='ocrx_word' id='word_1_141' title='bbox 788 1803 865 1854; x_wconf 74' lang='lat' dir='ltr'>&amp;sus</span> <span class='ocrx_word' id='word_1_142' title='bbox 884 1819 909 1853; x_wconf 87' lang='lat' dir='ltr'>es</span> <span class='ocrx_word' id='word_1_143' title='bbox 924 1801 1013 1853; x_wconf 76' lang='lat' dir='ltr'>uuest.</span> <span class='ocrx_word' id='word_1_144' title='bbox 1024 1807 1048 1852; x_wconf 71' lang='lat'>2.</span> <span class='ocrx_word' id='word_1_145' title='bbox 1062 1807 1153 1854; x_wconf 77' lang='lat' dir='ltr'>t.-1e</span> <span class='ocrx_word' id='word_1_146' title='bbox 1170 1805 1240 1868; x_wconf 87' lang='lat' dir='ltr'>Guy.</span> 
     </span>
     <span class='ocr_line' id='line_1_17' title="bbox 143 1865 1244 1933; baseline 0.002 -17"><span class='ocrx_word' id='word_1_147' title='bbox 143 1865 322 1930; x_wconf 75' lang='lat' dir='ltr'>Eugrspltiuns</span> <span class='ocrx_word' id='word_1_148' title='bbox 339 1877 454 1927; x_wconf 85' lang='lat' dir='ltr'>secutus,</span> <span class='ocrx_word' id='word_1_149' title='bbox 479 1869 606 1932; x_wconf 79' lang='lat' dir='ltr'>expuerit</span> <span class='ocrx_word' id='word_1_150' title='bbox 623 1868 653 1917; x_wconf 82' lang='lat' dir='ltr'>rb</span> <span class='ocrx_word' id='word_1_151' title='bbox 672 1869 780 1919; x_wconf 80' lang='lat' dir='ltr'>iomisit.</span> <span class='ocrx_word' id='word_1_152' title='bbox 814 1869 907 1933; x_wconf 88' lang='lat' dir='ltr'>Neque</span> <span class='ocrx_word' id='word_1_153' title='bbox 928 1866 1036 1916; x_wconf 83' lang='lat' dir='ltr'>fereuds</span> <span class='ocrx_word' id='word_1_154' title='bbox 1058 1867 1161 1917; x_wconf 77' lang='lat' dir='ltr'>videtur</span> <span class='ocrx_word' id='word_1_155' title='bbox 1183 1883 1244 1918; x_wconf 89' lang='lat' dir='ltr'>con·</span> 
     </span>
     <span class='ocr_line' id='line_1_18' title="bbox 143 1929 1244 1994; baseline 0.004 -15"><span class='ocrx_word' id='word_1_156' title='bbox 143 1931 255 1981; x_wconf 83' lang='lat' dir='ltr'>structio</span> <span class='ocrx_word' id='word_1_157' title='bbox 272 1929 417 1994; x_wconf 83' lang='lat' dir='ltr'>uerborum,</span> <span class='ocrx_word' id='word_1_158' title='bbox 432 1932 509 1991; x_wconf 80' lang='lat' dir='ltr'>sertas</span> <span class='ocrx_word' id='word_1_159' title='bbox 519 1933 569 1982; x_wconf 87' lang='lat' dir='ltr'>dies</span> <span class='ocrx_word' id='word_1_160' title='bbox 580 1933 689 1983; x_wconf 78' lang='lat' dir='ltr'>bominis.</span> <span class='ocrx_word' id='word_1_161' title='bbox 722 1932 906 1994; x_wconf 86' lang='lat' dir='ltr'>Con&#39;iciebam,</span> <span class='ocrx_word' id='word_1_162' title='bbox 923 1931 1019 1982; x_wconf 79' lang='lat' dir='ltr'>dixisse</span> <span class='ocrx_word' id='word_1_163' title='bbox 1036 1929 1155 1981; x_wconf 75' lang='lat' dir='ltr'>fortassis</span> <span class='ocrx_word' id='word_1_164' title='bbox 1170 1933 1244 1983; x_wconf 78' lang='lat' dir='ltr'>Che·-</span> 
     </span>
     <span class='ocr_line' id='line_1_19' title="bbox 144 1947 1246 2056; baseline 0.005 -14"><span class='ocrx_word' id='word_1_165' title='bbox 144 2008 232 2044; x_wconf 81' lang='lat' dir='ltr'>reem:</span> <span class='ocrx_word' id='word_1_166' title='bbox 252 1996 274 2044; x_wconf 94' lang='lat'>0</span> <span class='ocrx_word' id='word_1_167' title='bbox 284 1994 442 2054; x_wconf 80' lang='lat' dir='ltr'>sestssdies!</span> <span class='ocrx_word' id='word_1_168' title='bbox 458 1997 524 2045; x_wconf 80' lang='lat' dir='ltr'>tomo</span> <span class='ocrx_word' id='word_1_169' title='bbox 540 1997 596 2047; x_wconf 79' lang='lat' dir='ltr'>mi!</span> <span class='ocrx_word' id='word_1_170' title='bbox 611 1999 684 2047; x_wconf 79' lang='lat' dir='ltr'>unies</span> <span class='ocrx_word' id='word_1_171' title='bbox 701 1947 786 2046; x_wconf 69' lang='lat' dir='ltr'>soloef</span> <span class='ocrx_word' id='word_1_172' title='bbox 802 1998 852 2056; x_wconf 82' lang='lat' dir='ltr'>vel,</span> <span class='ocrx_word' id='word_1_173' title='bbox 869 1998 892 2045; x_wconf 92' lang='grc'><strong>0</strong></span> <span class='ocrx_word' id='word_1_174' title='bbox 902 1995 984 2056; x_wconf 81' lang='lat' dir='ltr'>sestss</span> <span class='ocrx_word' id='word_1_175' title='bbox 1002 1995 1070 2046; x_wconf 86' lang='lat' dir='ltr'>dies!</span> <span class='ocrx_word' id='word_1_176' title='bbox 1086 2011 1100 2044; x_wconf 90' lang='lat' dir='ltr'>o</span> <span class='ocrx_word' id='word_1_177' title='bbox 1121 1996 1154 2046; x_wconf 82' lang='lat' dir='ltr'>ssi</span> <span class='ocrx_word' id='word_1_178' title='bbox 1172 1997 1246 2048; x_wconf 75' lang='lat' dir='ltr'>onice</span> 
     </span>
     <span class='ocr_line' id='line_1_20' title="bbox 141 2057 1246 2125; baseline 0.001 -15"><span class='ocrx_word' id='word_1_179' title='bbox 141 2058 226 2110; x_wconf 81' lang='lat' dir='ltr'>soles!</span> <span class='ocrx_word' id='word_1_180' title='bbox 261 2059 318 2108; x_wconf 83' lang='lat' dir='ltr'>Nisi</span> <span class='ocrx_word' id='word_1_181' title='bbox 330 2057 398 2110; x_wconf 85' lang='lat' dir='ltr'>forte</span> <span class='ocrx_word' id='word_1_182' title='bbox 412 2075 459 2122; x_wconf 91' lang='lat' dir='ltr'>per</span> <span class='ocrx_word' id='word_1_183' title='bbox 470 2063 625 2125; x_wconf 73' lang='lat' dir='ltr'><strong>hypallagen</strong></span> <span class='ocrx_word' id='word_1_184' title='bbox 641 2061 803 2122; x_wconf 84' lang='lat' dir='ltr'>disit,sertsss</span> <span class='ocrx_word' id='word_1_185' title='bbox 820 2061 870 2110; x_wconf 87' lang='lat' dir='ltr'>dies</span> <span class='ocrx_word' id='word_1_186' title='bbox 889 2061 998 2121; x_wconf 76' lang='lat' dir='ltr'>bominis,</span> <span class='ocrx_word' id='word_1_187' title='bbox 1016 2075 1073 2124; x_wconf 84' lang='lat' dir='ltr'>pro,</span> <span class='ocrx_word' id='word_1_188' title='bbox 1089 2061 1165 2110; x_wconf 85' lang='lat' dir='ltr'>bomo</span> <span class='ocrx_word' id='word_1_189' title='bbox 1184 2060 1246 2111; x_wconf 90' lang='lat' dir='ltr'>festl</span> 
     </span>
     <span class='ocr_line' id='line_1_21' title="bbox 143 2123 1246 2189; baseline 0.004 -17"><span class='ocrx_word' id='word_1_190' title='bbox 143 2123 205 2174; x_wconf 91' lang='lat' dir='ltr'>diei.</span> <span class='ocrx_word' id='word_1_191' title='bbox 238 2124 334 2176; x_wconf 80' lang='lat' dir='ltr'>Quales</span> <span class='ocrx_word' id='word_1_192' title='bbox 354 2124 442 2175; x_wconf 83' lang='lat' dir='ltr'>Grseci</span> <span class='ocrx_word' id='word_1_193' title='bbox 462 2133 586 2174; x_wconf 83' lang='lat' dir='ltr'>vocantur</span> <span class='ocrx_word' id='word_1_194' title='bbox 603 2123 737 2189; x_wconf 70' lang='grc' dir='ltr'>καλήμεροι.</span> <span class='ocrx_word' id='word_1_195' title='bbox 770 2125 907 2174; x_wconf 83' lang='lat' dir='ltr'>Turnebus</span> <span class='ocrx_word' id='word_1_196' title='bbox 922 2125 1032 2176; x_wconf 81' lang='lat' dir='ltr'>Adsere.</span> <span class='ocrx_word' id='word_1_197' title='bbox 1051 2139 1094 2175; x_wconf 86' lang='lat' dir='ltr'>un.</span> <span class='ocrx_word' id='word_1_198' title='bbox 1112 2128 1153 2174; x_wconf 88' lang='lat' dir='ltr'>lt.</span> <span class='ocrx_word' id='word_1_199' title='bbox 1165 2123 1246 2184; x_wconf 80' lang='lat' dir='ltr'>festas</span> 
     </span>
     <span class='ocr_line' id='line_1_22' title="bbox 142 2187 1246 2253; baseline 0.002 -17"><span class='ocrx_word' id='word_1_200' title='bbox 142 2187 304 2238; x_wconf 81' lang='lat' dir='ltr'>ds&#39;sslominis</span> <span class='ocrx_word' id='word_1_201' title='bbox 314 2187 411 2238; x_wconf 90' lang='lat' dir='ltr'>dictum</span> <span class='ocrx_word' id='word_1_202' title='bbox 425 2197 501 2253; x_wconf 81' lang='lat' dir='ltr'>putet</span> <span class='ocrx_word' id='word_1_203' title='bbox 511 2190 576 2238; x_wconf 83' lang='lat' dir='ltr'>miro</span> <span class='ocrx_word' id='word_1_204' title='bbox 587 2192 695 2253; x_wconf 87' lang='lat' dir='ltr'>quadam</span> <span class='ocrx_word' id='word_1_205' title='bbox 715 2197 743 2238; x_wconf 86' lang='lat' dir='ltr'>et</span> <span class='ocrx_word' id='word_1_206' title='bbox 760 2203 828 2238; x_wconf 81' lang='lat' dir='ltr'>noea</span> <span class='ocrx_word' id='word_1_207' title='bbox 846 2189 950 2239; x_wconf 90' lang='lat' dir='ltr'>dicendi</span> <span class='ocrx_word' id='word_1_208' title='bbox 970 2189 1079 2248; x_wconf 81' lang='lat' dir='ltr'>ratione,</span> <span class='ocrx_word' id='word_1_209' title='bbox 1117 2203 1145 2238; x_wconf 88' lang='lat' dir='ltr'>ro</span> <span class='ocrx_word' id='word_1_210' title='bbox 1161 2187 1246 2239; x_wconf 90' lang='lat' dir='ltr'>fausto</span> 
     </span>
     <span class='ocr_line' id='line_1_23' title="bbox 143 2203 1245 2317; baseline 0.002 -17"><span class='ocrx_word' id='word_1_211' title='bbox 143 2251 256 2314; x_wconf 83' lang='lat' dir='ltr'>lsomioe,</span> <span class='ocrx_word' id='word_1_212' title='bbox 271 2253 406 2316; x_wconf 87' lang='lat' dir='ltr'>auspicato</span> <span class='ocrx_word' id='word_1_213' title='bbox 417 2261 446 2303; x_wconf 91' lang='lat' dir='ltr'>et</span> <span class='ocrx_word' id='word_1_214' title='bbox 456 2261 548 2317; x_wconf 84' lang='lat' dir='ltr'>optato</span> <span class='ocrx_word' id='word_1_215' title='bbox 559 2270 566 2314; x_wconf 84' lang='lat'><strong>;</strong></span> <span class='ocrx_word' id='word_1_216' title='bbox 582 2255 751 2304; x_wconf 86' lang='lat' dir='ltr'>translatione</span> <span class='ocrx_word' id='word_1_217' title='bbox 762 2253 841 2303; x_wconf 83' lang='lat' dir='ltr'>ducta</span> <span class='ocrx_word' id='word_1_218' title='bbox 854 2269 869 2302; x_wconf 87' lang='lat' dir='ltr'>s</span> <span class='ocrx_word' id='word_1_219' title='bbox 880 2253 971 2302; x_wconf 89' lang='lat' dir='ltr'>diebus</span> <span class='ocrx_word' id='word_1_220' title='bbox 982 2253 1064 2304; x_wconf 82' lang='lat' dir='ltr'>sestis.</span> <span class='ocrx_word' id='word_1_221' title='bbox 1097 2203 1138 2303; x_wconf 48' lang='lat' dir='ltr'>ils</span> <span class='ocrx_word' id='word_1_222' title='bbox 1156 2253 1245 2316; x_wconf 85' lang='lat' dir='ltr'>Anrpl.</span> 
     </span>
     <span class='ocr_line' id='line_1_24' title="bbox 143 2315 1247 2380; baseline 0.002 -15"><span class='ocrx_word' id='word_1_223' title='bbox 143 2315 203 2366; x_wconf 82' lang='lat' dir='ltr'>Viri</span> <span class='ocrx_word' id='word_1_224' title='bbox 213 2316 292 2366; x_wconf 82' lang='lat' dir='ltr'>Corn.</span> <span class='ocrx_word' id='word_1_225' title='bbox 302 2331 350 2365; x_wconf 83' lang='lat' dir='ltr'>ran</span> <span class='ocrx_word' id='word_1_226' title='bbox 360 2317 547 2380; x_wconf 76' lang='lat' dir='ltr'>Byukershoilr</span> <span class='ocrx_word' id='word_1_227' title='bbox 558 2318 713 2368; x_wconf 80' lang='lat' dir='ltr'>doctissimis</span> <span class='ocrx_word' id='word_1_228' title='bbox 725 2318 808 2366; x_wconf 89' lang='lat' dir='ltr'>literis</span> <span class='ocrx_word' id='word_1_229' title='bbox 820 2317 950 2380; x_wconf 84' lang='lat' dir='ltr'>duplicem</span> <span class='ocrx_word' id='word_1_230' title='bbox 962 2317 1139 2380; x_wconf 84' lang='lat' dir='ltr'>conjecturam</span> <span class='ocrx_word' id='word_1_231' title='bbox 1151 2317 1247 2380; x_wconf 86' lang='lat' dir='ltr'>didici;</span> 
     </span>
     <span class='ocr_line' id='line_1_25' title="bbox 142 2379 1245 2458; baseline 0.003 -29"><span class='ocrx_word' id='word_1_232' title='bbox 142 2379 255 2458; x_wconf 39' lang='lat' dir='ltr'>scilieet?</span> <span class='ocrx_word' id='word_1_233' title='bbox 273 2380 554 2442; x_wconf 83' lang='lat' dir='ltr'>Osestssdiesbosuiui.</span> <span class='ocrx_word' id='word_1_234' title='bbox 588 2383 633 2444; x_wconf 86' lang='lat' dir='ltr'>Et,</span> <span class='ocrx_word' id='word_1_235' title='bbox 652 2382 765 2444; x_wconf 80' lang='lat' dir='ltr'>Osestss</span> <span class='ocrx_word' id='word_1_236' title='bbox 782 2383 831 2432; x_wconf 81' lang='lat' dir='ltr'>dies</span> <span class='ocrx_word' id='word_1_237' title='bbox 846 2381 936 2431; x_wconf 81' lang='lat' dir='ltr'>omisis.</span> <span class='ocrx_word' id='word_1_238' title='bbox 969 2383 1245 2446; x_wconf 78' lang='lat' dir='ltr'>Quernruutrequese</span> 
     </span>
     <span class='ocr_line' id='line_1_26' title="bbox 145 2445 1246 2510; baseline 0.002 -16"><span class='ocrx_word' id='word_1_239' title='bbox 145 2451 175 2494; x_wconf 90' lang='lat' dir='ltr'>et</span> <span class='ocrx_word' id='word_1_240' title='bbox 192 2445 297 2494; x_wconf 74' lang='lat' dir='ltr'>minume</span> <span class='ocrx_word' id='word_1_241' title='bbox 319 2448 471 2506; x_wconf 74' lang='lat' dir='ltr'>mutatione,</span> <span class='ocrx_word' id='word_1_242' title='bbox 494 2455 522 2496; x_wconf 91' lang='lat' dir='ltr'>et</span> <span class='ocrx_word' id='word_1_243' title='bbox 539 2447 639 2510; x_wconf 89' lang='lat' dir='ltr'>optimo</span> <span class='ocrx_word' id='word_1_244' title='bbox 657 2461 733 2496; x_wconf 88' lang='lat' dir='ltr'>seusu</span> <span class='ocrx_word' id='word_1_245' title='bbox 755 2446 891 2510; x_wconf 86' lang='lat' dir='ltr'>approbat.</span> <span class='ocrx_word' id='word_1_246' title='bbox 918 2445 994 2496; x_wconf 76' lang='lat' dir='ltr'>wne.</span> <span class='ocrx_word' id='word_1_247' title='bbox 1027 2445 1096 2498; x_wconf 83' lang='lat' dir='ltr'>Quid</span> <span class='ocrx_word' id='word_1_248' title='bbox 1119 2461 1178 2496; x_wconf 86' lang='lat' dir='ltr'>oum</span> <span class='ocrx_word' id='word_1_249' title='bbox 1195 2447 1246 2496; x_wconf 92' lang='lat' dir='ltr'>boc</span> 
     </span>
     <span class='ocr_line' id='line_1_27' title="bbox 145 2507 1247 2574; baseline 0.002 -16"><span class='ocrx_word' id='word_1_250' title='bbox 145 2523 221 2560; x_wconf 82' lang='lat' dir='ltr'>versu</span> <span class='ocrx_word' id='word_1_251' title='bbox 232 2507 372 2560; x_wconf 73' lang='lat' dir='ltr'>faciemus?</span> <span class='ocrx_word' id='word_1_252' title='bbox 388 2525 421 2560; x_wconf 82' lang='lat' dir='ltr'>ex</span> <span class='ocrx_word' id='word_1_253' title='bbox 432 2509 484 2559; x_wconf 90' lang='lat' dir='ltr'>fine</span> <span class='ocrx_word' id='word_1_254' title='bbox 494 2519 608 2574; x_wconf 79' lang='lat' dir='ltr'>constet,</span> <span class='ocrx_word' id='word_1_255' title='bbox 623 2513 813 2560; x_wconf 76' lang='lat' dir='ltr'>&#39;l&#39;etrametrnm</span> <span class='ocrx_word' id='word_1_256' title='bbox 824 2525 882 2560; x_wconf 90' lang='lat' dir='ltr'>esse</span> <span class='ocrx_word' id='word_1_257' title='bbox 893 2509 1097 2560; x_wconf 82' lang='lat' dir='ltr'>Catalectiouur:</span> <span class='ocrx_word' id='word_1_258' title='bbox 1114 2509 1159 2560; x_wconf 88' lang='lat' dir='ltr'>sed</span> <span class='ocrx_word' id='word_1_259' title='bbox 1171 2510 1247 2560; x_wconf 92' lang='lat' dir='ltr'>initio</span> 
     </span>
     <span class='ocr_line' id='line_1_28' title="bbox 144 2573 1246 2638; baseline 0.002 -16"><span class='ocrx_word' id='word_1_260' title='bbox 144 2573 275 2624; x_wconf 75' lang='lat' dir='ltr'>claudicet</span> <span class='ocrx_word' id='word_1_261' title='bbox 285 2573 348 2624; x_wconf 92' lang='lat' dir='ltr'>illud</span> <span class='ocrx_word' id='word_1_262' title='bbox 360 2580 430 2624; x_wconf 80' lang='lat' dir='ltr'>tores.</span> <span class='ocrx_word' id='word_1_263' title='bbox 463 2575 599 2624; x_wconf 82' lang='lat' dir='ltr'>Donatus:</span> <span class='ocrx_word' id='word_1_264' title='bbox 614 2575 701 2627; x_wconf 84' lang='lat' dir='ltr'>‘Quid</span> <span class='ocrx_word' id='word_1_265' title='bbox 715 2589 755 2624; x_wconf 87' lang='lat' dir='ltr'>nte</span> <span class='ocrx_word' id='word_1_266' title='bbox 766 2574 904 2638; x_wconf 82' lang='lat' dir='ltr'>aspectas?</span> <span class='ocrx_word' id='word_1_267' title='bbox 920 2573 981 2638; x_wconf 79' lang='lat' dir='ltr'>osrid</span> <span class='ocrx_word' id='word_1_268' title='bbox 994 2575 1082 2624; x_wconf 84' lang='lat' dir='ltr'>taces?</span> <span class='ocrx_word' id='word_1_269' title='bbox 1114 2573 1163 2624; x_wconf 85' lang='lat' dir='ltr'>Hie</span> <span class='ocrx_word' id='word_1_270' title='bbox 1184 2575 1246 2624; x_wconf 87' lang='lat' dir='ltr'>dns·</span> 
     </span>
     <span class='ocr_line' id='line_1_29' title="bbox 144 2637 1249 2703; baseline 0.001 -17"><span class='ocrx_word' id='word_1_271' title='bbox 144 2637 195 2688; x_wconf 91' lang='lat' dir='ltr'>bus</span> <span class='ocrx_word' id='word_1_272' title='bbox 207 2637 463 2700; x_wconf 74' lang='lat' dir='ltr'>interrogatiunculis</span> <span class='ocrx_word' id='word_1_273' title='bbox 475 2639 611 2702; x_wconf 84' lang='lat' dir='ltr'>descripsit</span> <span class='ocrx_word' id='word_1_274' title='bbox 623 2641 722 2689; x_wconf 80' lang='lat' dir='ltr'>stultum</span> <span class='ocrx_word' id='word_1_275' title='bbox 734 2639 847 2689; x_wconf 70' lang='lat' dir='ltr'>dicturi!</span> <span class='ocrx_word' id='word_1_276' title='bbox 874 2639 1034 2703; x_wconf 81' lang='lat' dir='ltr'>Quicumque</span> <span class='ocrx_word' id='word_1_277' title='bbox 1044 2640 1091 2687; x_wconf 88' lang='lat' dir='ltr'>boc</span> <span class='ocrx_word' id='word_1_278' title='bbox 1102 2640 1249 2699; x_wconf 78' lang='lat' dir='ltr'>annotavit,</span> 
     </span>
     <span class='ocr_line' id='line_1_30' title="bbox 144 2701 1246 2815; baseline 0.001 -64"><span class='ocrx_word' id='word_1_279' title='bbox 144 2701 267 2815; x_wconf 85' lang='lat' dir='ltr'>profecto</span> <span class='ocrx_word' id='word_1_280' title='bbox 285 2717 337 2752; x_wconf 92' lang='lat' dir='ltr'>uon</span> <span class='ocrx_word' id='word_1_281' title='bbox 356 2703 459 2764; x_wconf 64' lang='lat' dir='ltr'>legebat</span> <span class='ocrx_word' id='word_1_282' title='bbox 479 2708 549 2752; x_wconf 85' lang='lat' dir='ltr'>taces.</span> <span class='ocrx_word' id='word_1_283' title='bbox 582 2703 719 2755; x_wconf 81' lang='lat' dir='ltr'>Quomodo</span> <span class='ocrx_word' id='word_1_284' title='bbox 739 2703 807 2752; x_wconf 90' lang='lat' dir='ltr'>enirn</span> <span class='ocrx_word' id='word_1_285' title='bbox 831 2704 896 2758; x_wconf 79' lang='lat' dir='ltr'>Quid</span> <span class='ocrx_word' id='word_1_286' title='bbox 913 2707 976 2751; x_wconf 84' lang='lat' dir='ltr'>tures</span> <span class='ocrx_word' id='word_1_287' title='bbox 997 2701 1124 2750; x_wconf 72' lang='lat' dir='ltr'>describit</span> <span class='ocrx_word' id='word_1_288' title='bbox 1146 2704 1246 2752; x_wconf 80' lang='lat' dir='ltr'>stultum</span> 
     </span>
     <span class='ocr_line' id='line_1_31' title="bbox 156 2765 1246 2831; baseline 0.001 -16"><span class='ocrx_word' id='word_1_289' title='bbox 156 2767 275 2818; x_wconf 82' lang='lat' dir='ltr'>ocuturi?</span> <span class='ocrx_word' id='word_1_290' title='bbox 308 2766 360 2817; x_wconf 84' lang='lat' dir='ltr'>Sed</span> <span class='ocrx_word' id='word_1_291' title='bbox 379 2774 407 2816; x_wconf 90' lang='lat' dir='ltr'>et</span> <span class='ocrx_word' id='word_1_292' title='bbox 424 2767 493 2816; x_wconf 84' lang='lat' dir='ltr'>eliud</span> <span class='ocrx_word' id='word_1_293' title='bbox 512 2767 554 2817; x_wconf 89' lang='lat' dir='ltr'>bic</span> <span class='ocrx_word' id='word_1_294' title='bbox 573 2767 658 2831; x_wconf 85' lang='lat' dir='ltr'>majus</span> <span class='ocrx_word' id='word_1_295' title='bbox 678 2775 725 2828; x_wconf 87' lang='lat' dir='ltr'>est,</span> <span class='ocrx_word' id='word_1_296' title='bbox 742 2767 828 2816; x_wconf 80' lang='lat' dir='ltr'>Festus</span> <span class='ocrx_word' id='word_1_297' title='bbox 845 2769 896 2816; x_wconf 83' lang='lat' dir='ltr'>dies</span> <span class='ocrx_word' id='word_1_298' title='bbox 913 2765 1034 2814; x_wconf 78' lang='lat' dir='ltr'>bominis!</span> <span class='ocrx_word' id='word_1_299' title='bbox 1057 2780 1133 2829; x_wconf 76' lang='lat' dir='ltr'>quesn</span> <span class='ocrx_word' id='word_1_300' title='bbox 1153 2780 1246 2829; x_wconf 71' lang='lat' dir='ltr'>magno</span> 
     </span>
     <span class='ocr_line' id='line_1_32' title="bbox 145 2829 1246 2896; baseline -0.002 -16"><span class='ocrx_word' id='word_1_301' title='bbox 145 2831 253 2880; x_wconf 80' lang='lat' dir='ltr'>emerim</span> <span class='ocrx_word' id='word_1_302' title='bbox 265 2829 350 2894; x_wconf 87' lang='lat' dir='ltr'>bodie,</span> <span class='ocrx_word' id='word_1_303' title='bbox 366 2839 397 2881; x_wconf 88' lang='lat' dir='ltr'>nt</span> <span class='ocrx_word' id='word_1_304' title='bbox 407 2845 508 2880; x_wconf 85' lang='lat' dir='ltr'>sensum</span> <span class='ocrx_word' id='word_1_305' title='bbox 520 2833 631 2896; x_wconf 86' lang='lat' dir='ltr'>aliquem</span> <span class='ocrx_word' id='word_1_306' title='bbox 642 2833 700 2881; x_wconf 90' lang='lat' dir='ltr'>binc</span> <span class='ocrx_word' id='word_1_307' title='bbox 712 2832 803 2895; x_wconf 88' lang='lat' dir='ltr'>aliquis</span> <span class='ocrx_word' id='word_1_308' title='bbox 813 2829 955 2880; x_wconf 73' lang='lat' dir='ltr'>extundat!</span> <span class='ocrx_word' id='word_1_309' title='bbox 989 2829 1122 2879; x_wconf 80' lang='lat' dir='ltr'>Dountnst</span> <span class='ocrx_word' id='word_1_310' title='bbox 1138 2830 1246 2880; x_wconf 81' lang='lat' dir='ltr'>‘Festus</span> 
     </span>
     <span class='ocr_line' id='line_1_33' title="bbox 145 2893 1245 2960; baseline 0.001 -18"><span class='ocrx_word' id='word_1_311' title='bbox 145 2893 203 2943; x_wconf 86' lang='lat' dir='ltr'>dies</span> <span class='ocrx_word' id='word_1_312' title='bbox 213 2895 331 2956; x_wconf 84' lang='lat' dir='ltr'>bominis,</span> <span class='ocrx_word' id='word_1_313' title='bbox 347 2910 404 2960; x_wconf 89' lang='lat' dir='ltr'>pro,</span> <span class='ocrx_word' id='word_1_314' title='bbox 420 2895 507 2944; x_wconf 86' lang='lat' dir='ltr'>Homo</span> <span class='ocrx_word' id='word_1_315' title='bbox 517 2894 578 2946; x_wconf 87' lang='lat' dir='ltr'>festi</span> <span class='ocrx_word' id='word_1_316' title='bbox 589 2895 659 2944; x_wconf 69' lang='lat' dir='ltr'>diei!</span> <span class='ocrx_word' id='word_1_317' title='bbox 693 2897 798 2947; x_wconf 83' lang='lat' dir='ltr'>Quanto</span> <span class='ocrx_word' id='word_1_318' title='bbox 817 2894 909 2943; x_wconf 85' lang='lat' dir='ltr'>melius</span> <span class='ocrx_word' id='word_1_319' title='bbox 928 2893 1015 2942; x_wconf 81' lang='lat' dir='ltr'>fueret</span> <span class='ocrx_word' id='word_1_320' title='bbox 1035 2894 1154 2951; x_wconf 77' lang='lat' dir='ltr'>tacuisse,</span> <span class='ocrx_word' id='word_1_321' title='bbox 1170 2907 1245 2959; x_wconf 83' lang='lat' dir='ltr'>quam</span> 
     </span>
     <span class='ocr_line' id='line_1_34' title="bbox 144 2957 1248 3023; baseline -0.003 -14"><span class='ocrx_word' id='word_1_322' title='bbox 144 2958 196 3009; x_wconf 75' lang='lat' dir='ltr'>tros</span> <span class='ocrx_word' id='word_1_323' title='bbox 216 2958 330 3010; x_wconf 79' lang='lat' dir='ltr'>diruisse!</span> <span class='ocrx_word' id='word_1_324' title='bbox 365 2961 437 3010; x_wconf 87' lang='lat' dir='ltr'>Bene</span> <span class='ocrx_word' id='word_1_325' title='bbox 458 2960 538 3023; x_wconf 78' lang='lat' dir='ltr'>igitur</span> <span class='ocrx_word' id='word_1_326' title='bbox 562 2960 732 3022; x_wconf 76' lang='lat' dir='ltr'>Engrapbius,</span> <span class='ocrx_word' id='word_1_327' title='bbox 757 2957 844 3010; x_wconf 82' lang='lat' dir='ltr'>‘Qtrid</span> <span class='ocrx_word' id='word_1_328' title='bbox 867 2957 925 3020; x_wconf 86' lang='lat' dir='ltr'>est‚&#39;</span> <span class='ocrx_word' id='word_1_329' title='bbox 949 2959 975 3006; x_wconf 92' lang='lat' dir='ltr'>in</span> <span class='ocrx_word' id='word_1_330' title='bbox 995 2957 1041 3018; x_wconf 87' lang='lat' dir='ltr'>uit,</span> <span class='ocrx_word' id='word_1_331' title='bbox 1064 2959 1174 3008; x_wconf 81' lang='lat' dir='ltr'>‘Festus</span> <span class='ocrx_word' id='word_1_332' title='bbox 1193 2958 1248 3007; x_wconf 86' lang='lat' dir='ltr'>dies</span> 
     </span>
     <span class='ocr_line' id='line_1_35' title="bbox 144 3021 1248 3086; baseline -0.001 -14"><span class='ocrx_word' id='word_1_333' title='bbox 144 3023 281 3072; x_wconf 73' lang='lat' dir='ltr'>hominist·</span> <span class='ocrx_word' id='word_1_334' title='bbox 314 3023 492 3086; x_wconf 69' lang='lat' dir='ltr'>ignorantiam</span> <span class='ocrx_word' id='word_1_335' title='bbox 505 3025 545 3072; x_wconf 88' lang='lat' dir='ltr'>bie</span> <span class='ocrx_word' id='word_1_336' title='bbox 557 3039 627 3073; x_wconf 85' lang='lat' dir='ltr'>susm</span> <span class='ocrx_word' id='word_1_337' title='bbox 640 3023 751 3072; x_wconf 86' lang='lat' dir='ltr'>candide</span> <span class='ocrx_word' id='word_1_338' title='bbox 763 3021 909 3086; x_wconf 87' lang='lat' dir='ltr'>profitetur.</span> <span class='ocrx_word' id='word_1_339' title='bbox 940 3022 974 3070; x_wconf 89' lang='lat' dir='ltr'>Vi</span> <span class='ocrx_word' id='word_1_340' title='bbox 995 3035 1052 3070; x_wconf 89' lang='lat' dir='ltr'>esu</span> <span class='ocrx_word' id='word_1_341' title='bbox 1069 3035 1118 3083; x_wconf 73' lang='lat' dir='ltr'>ego</span> <span class='ocrx_word' id='word_1_342' title='bbox 1138 3023 1248 3072; x_wconf 83' lang='lat' dir='ltr'>reterri·</span> 
     </span>
     <span class='ocr_line' id='line_1_36' title="bbox 145 3084 1250 3145; baseline 0 -9"><span class='ocrx_word' id='word_1_343' title='bbox 145 3101 214 3136; x_wconf 84' lang='lat' dir='ltr'>mam</span> <span class='ocrx_word' id='word_1_344' title='bbox 226 3093 254 3138; x_wconf 87' lang='lat' dir='ltr'>et</span> <span class='ocrx_word' id='word_1_345' title='bbox 264 3087 423 3136; x_wconf 83' lang='lat' dir='ltr'>teterrimum</span> <span class='ocrx_word' id='word_1_346' title='bbox 434 3088 520 3138; x_wconf 89' lang='lat' dir='ltr'>labem</span> <span class='ocrx_word' id='word_1_347' title='bbox 530 3088 641 3137; x_wconf 77' lang='lat' dir='ltr'>feliciter</span> <span class='ocrx_word' id='word_1_348' title='bbox 652 3088 710 3136; x_wconf 87' lang='lat' dir='ltr'>bine</span> <span class='ocrx_word' id='word_1_349' title='bbox 721 3087 866 3136; x_wconf 80' lang='lat' dir='ltr'>sustulerim</span> <span class='ocrx_word' id='word_1_350' title='bbox 877 3103 884 3136; x_wconf 79' lang='lat' dir='ltr'>r</span> <span class='ocrx_word' id='word_1_351' title='bbox 903 3085 967 3142; x_wconf 75' lang='lat' dir='ltr'>catu</span> <span class='ocrx_word' id='word_1_352' title='bbox 975 3084 1055 3134; x_wconf 79' lang='lat' dir='ltr'>diors!</span> <span class='ocrx_word' id='word_1_353' title='bbox 1071 3084 1170 3145; x_wconf 81' lang='lat' dir='ltr'>osestus</span> <span class='ocrx_word' id='word_1_354' title='bbox 1179 3085 1250 3136; x_wconf 71' lang='lat' dir='ltr'>dbs!</span> 
     </span>
     <span class='ocr_line' id='line_1_37' title="bbox 145 3149 1248 3210; baseline 0 -10"><span class='ocrx_word' id='word_1_355' title='bbox 145 3166 160 3200; x_wconf 88' lang='lat' dir='ltr'>o</span> <span class='ocrx_word' id='word_1_356' title='bbox 172 3151 354 3201; x_wconf 69' lang='lat' dir='ltr'>romanicos!</span> <span class='ocrx_word' id='word_1_357' title='bbox 371 3152 441 3201; x_wconf 82' lang='lat' dir='ltr'>soloe.</span> <span class='ocrx_word' id='word_1_358' title='bbox 475 3153 560 3202; x_wconf 81' lang='lat' dir='ltr'>Festus</span> <span class='ocrx_word' id='word_1_359' title='bbox 570 3153 621 3201; x_wconf 84' lang='lat' dir='ltr'>dies</span> <span class='ocrx_word' id='word_1_360' title='bbox 632 3159 672 3200; x_wconf 91' lang='lat' dir='ltr'>est</span> <span class='ocrx_word' id='word_1_361' title='bbox 683 3151 839 3200; x_wconf 71' lang='lat' dir='ltr'>blandientis</span> <span class='ocrx_word' id='word_1_362' title='bbox 851 3151 966 3210; x_wconf 69' lang='lat' dir='ltr'>dictum</span> <span class='ocrx_word' id='word_1_363' title='bbox 982 3159 1009 3199; x_wconf 92' lang='lat' dir='ltr'>et</span> <span class='ocrx_word' id='word_1_364' title='bbox 1029 3151 1054 3198; x_wconf 92' lang='lat' dir='ltr'>iu</span> <span class='ocrx_word' id='word_1_365' title='bbox 1075 3149 1112 3198; x_wconf 90' lang='lat' dir='ltr'>bis</span> <span class='ocrx_word' id='word_1_366' title='bbox 1130 3149 1248 3200; x_wconf 82' lang='lat' dir='ltr'>formulis</span> 
     </span>
     <span class='ocr_line' id='line_1_38' title="bbox 146 3213 1250 3280; baseline -0.001 -14"><span class='ocrx_word' id='word_1_367' title='bbox 146 3215 306 3266; x_wconf 77' lang='lat' dir='ltr'>nominativo</span> <span class='ocrx_word' id='word_1_368' title='bbox 318 3215 469 3278; x_wconf 86' lang='lat' dir='ltr'>utebantur,</span> <span class='ocrx_word' id='word_1_369' title='bbox 485 3231 558 3280; x_wconf 79' lang='lat' dir='ltr'>aeque</span> <span class='ocrx_word' id='word_1_370' title='bbox 569 3231 600 3265; x_wconf 86' lang='lat' dir='ltr'>sc</span> <span class='ocrx_word' id='word_1_371' title='bbox 612 3216 739 3265; x_wconf 81' lang='lat' dir='ltr'>vocativo.</span> <span class='ocrx_word' id='word_1_372' title='bbox 774 3215 797 3262; x_wconf 92' lang='lat'>0</span> <span class='ocrx_word' id='word_1_373' title='bbox 808 3229 871 3264; x_wconf 77' lang='lat' dir='ltr'>uteru</span> <span class='ocrx_word' id='word_1_374' title='bbox 881 3213 1051 3277; x_wconf 76' lang='lat' dir='ltr'>degeneravit</span> <span class='ocrx_word' id='word_1_375' title='bbox 1061 3214 1088 3263; x_wconf 90' lang='lat' dir='ltr'>in</span> <span class='ocrx_word' id='word_1_376' title='bbox 1099 3214 1183 3264; x_wconf 80' lang='lat' dir='ltr'>omisis</span> <span class='ocrx_word' id='word_1_377' title='bbox 1194 3215 1250 3266; x_wconf 79' lang='lat' dir='ltr'>site</span> 
     </span>
     <span class='ocr_line' id='line_1_39' title="bbox 146 3277 1248 3338; baseline 0.002 -10"><span class='ocrx_word' id='word_1_378' title='bbox 146 3277 258 3331; x_wconf 65' lang='lat' dir='ltr'>dominis.</span> <span class='ocrx_word' id='word_1_379' title='bbox 293 3281 416 3329; x_wconf 85' lang='lat' dir='ltr'>Ceterum</span> <span class='ocrx_word' id='word_1_380' title='bbox 429 3281 467 3329; x_wconf 82' lang='lat' dir='ltr'>sir</span> <span class='ocrx_word' id='word_1_381' title='bbox 477 3280 595 3330; x_wconf 89' lang='lat' dir='ltr'>eruditus</span> <span class='ocrx_word' id='word_1_382' title='bbox 606 3279 770 3329; x_wconf 77' lang='lat' dir='ltr'>memorabile</span> <span class='ocrx_word' id='word_1_383' title='bbox 782 3279 822 3328; x_wconf 88' lang='lat' dir='ltr'>bie</span> <span class='ocrx_word' id='word_1_384' title='bbox 834 3278 933 3328; x_wconf 90' lang='lat' dir='ltr'>facinus</span> <span class='ocrx_word' id='word_1_385' title='bbox 941 3277 1014 3337; x_wconf 84' lang='lat' dir='ltr'>fecit,</span> <span class='ocrx_word' id='word_1_386' title='bbox 1026 3279 1113 3338; x_wconf 82' lang='lat' dir='ltr'>uerba,</span> <span class='ocrx_word' id='word_1_387' title='bbox 1123 3285 1153 3328; x_wconf 89' lang='lat' dir='ltr'>nt</span> <span class='ocrx_word' id='word_1_388' title='bbox 1163 3281 1248 3330; x_wconf 85' lang='lat' dir='ltr'>versui</span> 
     </span>
     <span class='ocr_line' id='line_1_40' title="bbox 147 3342 1252 3408; baseline -0.001 -14"><span class='ocrx_word' id='word_1_389' title='bbox 147 3345 306 3406; x_wconf 82' lang='lat' dir='ltr'>consuleret,</span> <span class='ocrx_word' id='word_1_390' title='bbox 323 3344 360 3392; x_wconf 89' lang='lat' dir='ltr'>sic</span> <span class='ocrx_word' id='word_1_391' title='bbox 372 3345 398 3392; x_wconf 89' lang='lat' dir='ltr'>in</span> <span class='ocrx_word' id='word_1_392' title='bbox 412 3345 468 3408; x_wconf 90' lang='lat' dir='ltr'>ipso</span> <span class='ocrx_word' id='word_1_393' title='bbox 479 3351 551 3393; x_wconf 84' lang='lat' dir='ltr'>testu</span> <span class='ocrx_word' id='word_1_394' title='bbox 565 3344 713 3408; x_wconf 75' lang='lat' dir='ltr'>trajiciens:</span> <span class='ocrx_word' id='word_1_395' title='bbox 733 3344 798 3400; x_wconf 80' lang='lat' dir='ltr'>Quid</span> <span class='ocrx_word' id='word_1_396' title='bbox 806 3348 841 3393; x_wconf 87' lang='lat' dir='ltr'>est</span> <span class='ocrx_word' id='word_1_397' title='bbox 852 3344 914 3406; x_wconf 77' lang='lat' dir='ltr'>quod</span> <span class='ocrx_word' id='word_1_398' title='bbox 924 3343 995 3392; x_wconf 85' lang='lat' dir='ltr'>loetns</span> <span class='ocrx_word' id='word_1_399' title='bbox 1004 3342 1057 3391; x_wconf 76' lang='lat' dir='ltr'>sisi</span> <span class='ocrx_word' id='word_1_400' title='bbox 1072 3343 1129 3405; x_wconf 77' lang='lat' dir='ltr'>quid</span> <span class='ocrx_word' id='word_1_401' title='bbox 1138 3343 1184 3392; x_wconf 86' lang='lat' dir='ltr'>tibi</span> <span class='ocrx_word' id='word_1_402' title='bbox 1198 3344 1252 3393; x_wconf 79' lang='lat' dir='ltr'>risi</span> 
     </span>
     <span class='ocr_line' id='line_1_41' title="bbox 147 3405 1251 3472; baseline 0 -14"><span class='ocrx_word' id='word_1_403' title='bbox 147 3409 266 3472; x_wconf 72' lang='lat' dir='ltr'>quidese</span> <span class='ocrx_word' id='word_1_404' title='bbox 291 3413 411 3470; x_wconf 76' lang='lat' dir='ltr'>aspectos?</span> <span class='ocrx_word' id='word_1_405' title='bbox 426 3411 484 3471; x_wconf 84' lang='lat' dir='ltr'>qnid</span> <span class='ocrx_word' id='word_1_406' title='bbox 500 3413 580 3458; x_wconf 85' lang='lat' dir='ltr'>toesst</span> <span class='ocrx_word' id='word_1_407' title='bbox 612 3408 690 3457; x_wconf 84' lang='lat' dir='ltr'>Sotin’</span> <span class='ocrx_word' id='word_1_408' title='bbox 706 3413 792 3456; x_wconf 78' lang='lat' dir='ltr'>maest</span> <span class='ocrx_word' id='word_1_409' title='bbox 825 3409 849 3456; x_wconf 93' lang='grc'><strong>0</strong></span> <span class='ocrx_word' id='word_1_410' title='bbox 867 3405 947 3467; x_wconf 74' lang='lat' dir='ltr'>fessus</span> <span class='ocrx_word' id='word_1_411' title='bbox 968 3407 1019 3456; x_wconf 84' lang='lat' dir='ltr'>dies</span> <span class='ocrx_word' id='word_1_412' title='bbox 1038 3407 1152 3456; x_wconf 80' lang='lat' dir='ltr'>bominis:</span> <span class='ocrx_word' id='word_1_413' title='bbox 1177 3409 1251 3458; x_wconf 78' lang='lat' dir='ltr'>onies</span> 
     </span>
     <span class='ocr_line' id='line_1_42' title="bbox 147 3472 1251 3540; baseline -0.002 -18"><span class='ocrx_word' id='word_1_414' title='bbox 147 3473 226 3523; x_wconf 81' lang='lat' dir='ltr'>soles:</span> <span class='ocrx_word' id='word_1_415' title='bbox 243 3472 345 3522; x_wconf 86' lang='lat' dir='ltr'>nescius</span> <span class='ocrx_word' id='word_1_416' title='bbox 357 3473 466 3533; x_wconf 85' lang='lat' dir='ltr'>interea,</span> <span class='ocrx_word' id='word_1_417' title='bbox 484 3473 613 3540; x_wconf 66' lang='lat' dir='ltr'>seorsline</span> <span class='ocrx_word' id='word_1_418' title='bbox 624 3473 661 3521; x_wconf 91' lang='lat' dir='ltr'>sic</span> <span class='ocrx_word' id='word_1_419' title='bbox 671 3472 806 3522; x_wconf 77' lang='lat' dir='ltr'>immutato</span> <span class='ocrx_word' id='word_1_420' title='bbox 817 3472 970 3520; x_wconf 80' lang='lat' dir='ltr'>sententium</span> <span class='ocrx_word' id='word_1_421' title='bbox 981 3478 1062 3520; x_wconf 84' lang='lat' dir='ltr'>toteru</span> <span class='ocrx_word' id='word_1_422' title='bbox 1074 3485 1251 3534; x_wconf 82' lang='lat' dir='ltr'>corrumpere.</span> 
     </span>
     <span class='ocr_line' id='line_1_43' title="bbox 148 3535 1252 3600; baseline -0.002 -14"><span class='ocrx_word' id='word_1_423' title='bbox 148 3537 223 3587; x_wconf 85' lang='lat' dir='ltr'>Bessi.</span> <span class='ocrx_word' id='word_1_424' title='bbox 257 3537 298 3586; x_wconf 87' lang='lat' dir='ltr'>Ex</span> <span class='ocrx_word' id='word_1_425' title='bbox 310 3538 378 3600; x_wconf 75' lang='lat' dir='ltr'>vulg.</span> <span class='ocrx_word' id='word_1_426' title='bbox 392 3535 505 3585; x_wconf 85' lang='lat' dir='ltr'>editione</span> <span class='ocrx_word' id='word_1_427' title='bbox 517 3537 602 3586; x_wconf 89' lang='lat' dir='ltr'>nullus</span> <span class='ocrx_word' id='word_1_428' title='bbox 621 3536 728 3584; x_wconf 92' lang='lat' dir='ltr'>idoneus</span> <span class='ocrx_word' id='word_1_429' title='bbox 748 3550 837 3585; x_wconf 82' lang='lat' dir='ltr'>senatus</span> <span class='ocrx_word' id='word_1_430' title='bbox 856 3537 970 3584; x_wconf 86' lang='lat' dir='ltr'>elicitur.</span> <span class='ocrx_word' id='word_1_431' title='bbox 1003 3536 1081 3584; x_wconf 84' lang='lat' dir='ltr'>Bent.</span> <span class='ocrx_word' id='word_1_432' title='bbox 1100 3535 1206 3597; x_wconf 87' lang='lat' dir='ltr'>conjicit</span> <span class='ocrx_word' id='word_1_433' title='bbox 1229 3536 1252 3583; x_wconf 92' lang='lat'>0</span> 
     </span>
     <span class='ocr_line' id='line_1_44' title="bbox 141 3599 1251 3662; baseline -0.004 -10"><span class='ocrx_word' id='word_1_434' title='bbox 141 3599 304 3662; x_wconf 58' lang='lat' dir='ltr'>sanuses!</span> <span class='ocrx_word' id='word_1_435' title='bbox 323 3600 526 3649; x_wconf 84' lang='lat' dir='ltr'>Ousesrsumieus.</span> <span class='ocrx_word' id='word_1_436' title='bbox 559 3601 669 3648; x_wconf 80' lang='lat' dir='ltr'>‘Festus</span> <span class='ocrx_word' id='word_1_437' title='bbox 686 3599 756 3648; x_wconf 86' lang='lat' dir='ltr'>dics&#39;</span> <span class='ocrx_word' id='word_1_438' title='bbox 777 3599 934 3649; x_wconf 88' lang='lat' dir='ltr'>blandientis</span> <span class='ocrx_word' id='word_1_439' title='bbox 955 3599 1051 3648; x_wconf 90' lang='lat' dir='ltr'>dictum</span> <span class='ocrx_word' id='word_1_440' title='bbox 1069 3611 1126 3650; x_wconf 82' lang='lat' dir='ltr'>esse</span> <span class='ocrx_word' id='word_1_441' title='bbox 1147 3599 1251 3662; x_wconf 84' lang='lat' dir='ltr'>plancus</span> 
     </span>
     <span class='ocr_line' id='line_1_45' title="bbox 148 3660 1253 3728; baseline -0.004 -12"><span class='ocrx_word' id='word_1_442' title='bbox 148 3672 198 3716; x_wconf 84' lang='lat' dir='ltr'>est.</span> <span class='ocrx_word' id='word_1_443' title='bbox 234 3665 345 3714; x_wconf 82' lang='lat' dir='ltr'>Gesner.</span> <span class='ocrx_word' id='word_1_444' title='bbox 355 3665 380 3712; x_wconf 93' lang='lat' dir='ltr'>in</span> <span class='ocrx_word' id='word_1_445' title='bbox 393 3665 469 3715; x_wconf 76' lang='lat' dir='ltr'>unes.</span> <span class='ocrx_word' id='word_1_446' title='bbox 482 3665 537 3714; x_wconf 84' lang='lat' dir='ltr'>Lat.</span> <span class='ocrx_word' id='word_1_447' title='bbox 547 3678 571 3713; x_wconf 82' lang='lat' dir='ltr'>v.</span> <span class='ocrx_word' id='word_1_448' title='bbox 591 3664 692 3723; x_wconf 80' lang='lat' dir='ltr'>Festus,</span> <span class='ocrx_word' id='word_1_449' title='bbox 707 3672 735 3712; x_wconf 89' lang='lat' dir='ltr'>et</span> <span class='ocrx_word' id='word_1_450' title='bbox 751 3662 782 3713; x_wconf 89' lang='lat' dir='ltr'>cl.</span> <span class='ocrx_word' id='word_1_451' title='bbox 800 3663 970 3726; x_wconf 86' lang='lat' dir='ltr'>Oudendorp.</span> <span class='ocrx_word' id='word_1_452' title='bbox 990 3660 1119 3728; x_wconf 85' lang='lat' dir='ltr'>putabant</span> <span class='ocrx_word' id='word_1_453' title='bbox 1139 3665 1163 3713; x_wconf 93' lang='grc'><strong>0</strong></span> <span class='ocrx_word' id='word_1_454' title='bbox 1172 3662 1253 3724; x_wconf 69' lang='lat' dir='ltr'>sense</span> 
     </span>
     <span class='ocr_line' id='line_1_46' title="bbox 148 3725 1252 3789; baseline -0.002 -10"><span class='ocrx_word' id='word_1_455' title='bbox 148 3727 218 3780; x_wconf 84' lang='lat' dir='ltr'>diss!</span> <span class='ocrx_word' id='word_1_456' title='bbox 236 3729 259 3778; x_wconf 95' lang='lat'>0</span> <span class='ocrx_word' id='word_1_457' title='bbox 277 3743 342 3777; x_wconf 80' lang='lat' dir='ltr'>meus</span> <span class='ocrx_word' id='word_1_458' title='bbox 357 3728 455 3789; x_wconf 69' lang='lat' dir='ltr'>omium,</span> <span class='ocrx_word' id='word_1_459' title='bbox 472 3743 508 3778; x_wconf 87' lang='lat' dir='ltr'>se.</span> <span class='ocrx_word' id='word_1_460' title='bbox 526 3728 589 3777; x_wconf 87' lang='lat' dir='ltr'>dies.</span> <span class='ocrx_word' id='word_1_461' title='bbox 626 3727 717 3776; x_wconf 73' lang='lat' dir='ltr'>Polite</span> <span class='ocrx_word' id='word_1_462' title='bbox 735 3726 804 3776; x_wconf 85' lang='lat' dir='ltr'>diem</span> <span class='ocrx_word' id='word_1_463' title='bbox 825 3742 908 3778; x_wconf 83' lang='lat' dir='ltr'>sssenm</span> <span class='ocrx_word' id='word_1_464' title='bbox 928 3727 996 3776; x_wconf 91' lang='lat' dir='ltr'>diem</span> <span class='ocrx_word' id='word_1_465' title='bbox 1016 3725 1127 3776; x_wconf 83' lang='lat' dir='ltr'>faustnut</span> <span class='ocrx_word' id='word_1_466' title='bbox 1149 3735 1252 3777; x_wconf 81' lang='lat' dir='ltr'>vocent.</span> 
     </span>
     <span class='ocr_line' id='line_1_47' title="bbox 149 3789 1252 3855; baseline -0.004 -11"><span class='ocrx_word' id='word_1_467' title='bbox 149 3795 184 3844; x_wconf 81' lang='lat' dir='ltr'>R.</span> <span class='ocrx_word' id='word_1_468' title='bbox 196 3796 232 3844; x_wconf 88' lang='lat' dir='ltr'>D.</span> <span class='ocrx_word' id='word_1_469' title='bbox 265 3793 318 3842; x_wconf 83' lang='lat' dir='ltr'>Vix</span> <span class='ocrx_word' id='word_1_470' title='bbox 329 3792 462 3841; x_wconf 84' lang='lat' dir='ltr'>ferendum</span> <span class='ocrx_word' id='word_1_471' title='bbox 472 3799 513 3842; x_wconf 89' lang='lat' dir='ltr'>est</span> <span class='ocrx_word' id='word_1_472' title='bbox 525 3791 606 3851; x_wconf 79' lang='lat' dir='ltr'>festus</span> <span class='ocrx_word' id='word_1_473' title='bbox 616 3792 667 3840; x_wconf 86' lang='lat' dir='ltr'>dies</span> <span class='ocrx_word' id='word_1_474' title='bbox 677 3791 785 3852; x_wconf 68' lang='lat' dir='ltr'>muisis,</span> <span class='ocrx_word' id='word_1_475' title='bbox 803 3791 851 3840; x_wconf 89' lang='lat' dir='ltr'>nisi</span> <span class='ocrx_word' id='word_1_476' title='bbox 869 3789 939 3840; x_wconf 87' lang='lat' dir='ltr'>forte</span> <span class='ocrx_word' id='word_1_477' title='bbox 959 3799 1001 3840; x_wconf 91' lang='lat' dir='ltr'>est</span> <span class='ocrx_word' id='word_1_478' title='bbox 1019 3806 1077 3855; x_wconf 80' lang='lat' dir='ltr'>pro,</span> <span class='ocrx_word' id='word_1_479' title='bbox 1093 3791 1170 3842; x_wconf 83' lang='lat' dir='ltr'>nomo</span> <span class='ocrx_word' id='word_1_480' title='bbox 1191 3789 1252 3842; x_wconf 91' lang='lat' dir='ltr'>festi</span> 
     </span>
     <span class='ocr_line' id='line_1_48' title="bbox 150 3854 1251 3920; baseline -0.002 -12"><span class='ocrx_word' id='word_1_481' title='bbox 150 3857 211 3909; x_wconf 89' lang='lat' dir='ltr'>diei.</span> <span class='ocrx_word' id='word_1_482' title='bbox 229 3857 297 3908; x_wconf 85' lang='lat' dir='ltr'>Peri.</span> <span class='ocrx_word' id='word_1_483' title='bbox 330 3857 408 3906; x_wconf 88' lang='lat' dir='ltr'>Bent.</span> <span class='ocrx_word' id='word_1_484' title='bbox 420 3854 512 3919; x_wconf 78' lang='lat' dir='ltr'>frigide</span> <span class='ocrx_word' id='word_1_485' title='bbox 524 3855 580 3918; x_wconf 77' lang='lat' dir='ltr'>quid</span> <span class='ocrx_word' id='word_1_486' title='bbox 591 3857 668 3904; x_wconf 79' lang='lat' dir='ltr'>diem</span> <span class='ocrx_word' id='word_1_487' title='bbox 685 3855 814 3905; x_wconf 87' lang='lat' dir='ltr'>rescribit.</span> <span class='ocrx_word' id='word_1_488' title='bbox 843 3856 866 3902; x_wconf 96' lang='grc'><strong>0</strong></span> <span class='ocrx_word' id='word_1_489' title='bbox 877 3854 1014 3915; x_wconf 74' lang='lat' dir='ltr'>senesdies</span> <span class='ocrx_word' id='word_1_490' title='bbox 1023 3855 1138 3906; x_wconf 75' lang='lat' dir='ltr'>bominis:</span> <span class='ocrx_word' id='word_1_491' title='bbox 1153 3857 1192 3907; x_wconf 84' lang='lat' dir='ltr'>sie</span> <span class='ocrx_word' id='word_1_492' title='bbox 1205 3871 1251 3920; x_wconf 89' lang='lat' dir='ltr'>sp·</span> 
     </span>
     <span class='ocr_line' id='line_1_49' title="bbox 149 3917 1254 3986; baseline -0.003 -14"><span class='ocrx_word' id='word_1_493' title='bbox 149 3925 234 3986; x_wconf 82' lang='lat' dir='ltr'>pellat</span> <span class='ocrx_word' id='word_1_494' title='bbox 255 3923 378 3982; x_wconf 86' lang='lat' dir='ltr'>emirum,</span> <span class='ocrx_word' id='word_1_495' title='bbox 401 3921 445 3986; x_wconf 87' lang='lat' dir='ltr'>qui</span> <span class='ocrx_word' id='word_1_496' title='bbox 467 3919 515 3984; x_wconf 92' lang='lat' dir='ltr'>ipsi</span> <span class='ocrx_word' id='word_1_497' title='bbox 532 3920 690 3969; x_wconf 85' lang='lat' dir='ltr'>bilaritatem</span> <span class='ocrx_word' id='word_1_498' title='bbox 709 3920 821 3983; x_wconf 88' lang='lat' dir='ltr'>(qualem</span> <span class='ocrx_word' id='word_1_499' title='bbox 839 3917 922 3970; x_wconf 86' lang='lat' dir='ltr'>festus</span> <span class='ocrx_word' id='word_1_500' title='bbox 942 3919 1010 3984; x_wconf 88' lang='lat' dir='ltr'>dies)</span> <span class='ocrx_word' id='word_1_501' title='bbox 1032 3917 1133 3970; x_wconf 79' lang='lat' dir='ltr'>efferet.</span> <span class='ocrx_word' id='word_1_502' title='bbox 1167 3921 1254 3970; x_wconf 86' lang='lat' dir='ltr'>lustsr</span> 
     </span>
     <span class='ocr_line' id='line_1_50' title="bbox 149 3983 1251 4047; baseline -0.004 -11"><span class='ocrx_word' id='word_1_503' title='bbox 149 3986 213 4038; x_wconf 85' lang='lat' dir='ltr'>t&#39;esti</span> <span class='ocrx_word' id='word_1_504' title='bbox 225 3985 278 4036; x_wconf 91' lang='lat' dir='ltr'>diei</span> <span class='ocrx_word' id='word_1_505' title='bbox 292 3985 480 4046; x_wconf 68' lang='lat' dir='ltr'>advenissent,</span> <span class='ocrx_word' id='word_1_506' title='bbox 494 3983 570 4034; x_wconf 93' lang='lat' dir='ltr'>bodie</span> <span class='ocrx_word' id='word_1_507' title='bbox 583 3985 691 4047; x_wconf 86' lang='lat' dir='ltr'>primum</span> <span class='ocrx_word' id='word_1_508' title='bbox 707 3984 811 4033; x_wconf 88' lang='lat' dir='ltr'>bomini.</span> <span class='ocrx_word' id='word_1_509' title='bbox 846 3983 984 4033; x_wconf 85' lang='lat' dir='ltr'>Hominem</span> <span class='ocrx_word' id='word_1_510' title='bbox 1004 3997 1032 4032; x_wconf 88' lang='lat' dir='ltr'>ae</span> <span class='ocrx_word' id='word_1_511' title='bbox 1052 3984 1132 4036; x_wconf 87' lang='lat' dir='ltr'>sentit</span> <span class='ocrx_word' id='word_1_512' title='bbox 1148 3983 1251 4034; x_wconf 89' lang='lat' dir='ltr'>felicem</span> 
     </span>
     <span class='ocr_line' id='line_1_51' title="bbox 151 4047 1254 4110; baseline -0.002 -10"><span class='ocrx_word' id='word_1_513' title='bbox 151 4065 250 4110; x_wconf 81' lang='lat' dir='ltr'>eruore,</span> <span class='ocrx_word' id='word_1_514' title='bbox 268 4057 297 4100; x_wconf 90' lang='lat' dir='ltr'>et</span> <span class='ocrx_word' id='word_1_515' title='bbox 307 4063 394 4099; x_wconf 83' lang='lat' dir='ltr'>surore</span> <span class='ocrx_word' id='word_1_516' title='bbox 406 4049 468 4098; x_wconf 86' lang='lat' dir='ltr'>nibil</span> <span class='ocrx_word' id='word_1_517' title='bbox 484 4057 524 4098; x_wconf 91' lang='lat' dir='ltr'>est</span> <span class='ocrx_word' id='word_1_518' title='bbox 541 4049 682 4098; x_wconf 80' lang='lat' dir='ltr'>brumasius.</span> <span class='ocrx_word' id='word_1_519' title='bbox 717 4047 788 4097; x_wconf 83' lang='lat' dir='ltr'>Nilsil</span> <span class='ocrx_word' id='word_1_520' title='bbox 807 4047 887 4110; x_wconf 78' lang='lat' dir='ltr'>igitur</span> <span class='ocrx_word' id='word_1_521' title='bbox 908 4047 1019 4096; x_wconf 88' lang='lat' dir='ltr'>sensisse</span> <span class='ocrx_word' id='word_1_522' title='bbox 1039 4048 1113 4097; x_wconf 88' lang='lat' dir='ltr'>uobis</span> <span class='ocrx_word' id='word_1_523' title='bbox 1132 4047 1254 4098; x_wconf 82' lang='lat' dir='ltr'>sidentur</span> 
     </span>
     <span class='ocr_line' id='line_1_52' title="bbox 151 4110 1253 4178; baseline -0.004 -14"><span class='ocrx_word' id='word_1_524' title='bbox 151 4114 256 4176; x_wconf 84' lang='lat' dir='ltr'>critici,</span> <span class='ocrx_word' id='word_1_525' title='bbox 271 4114 414 4178; x_wconf 84' lang='lat' dir='ltr'>quipurum</span> <span class='ocrx_word' id='word_1_526' title='bbox 426 4119 534 4163; x_wconf 82' lang='lat' dir='ltr'>venuste</span> <span class='ocrx_word' id='word_1_527' title='bbox 546 4113 602 4162; x_wconf 80' lang='lat' dir='ltr'>ltaec</span> <span class='ocrx_word' id='word_1_528' title='bbox 613 4118 723 4162; x_wconf 84' lang='lat' dir='ltr'>tentant.</span> <span class='ocrx_word' id='word_1_529' title='bbox 742 4111 798 4174; x_wconf 85' lang='lat' dir='ltr'>Bip.</span> <span class='ocrx_word' id='word_1_530' title='bbox 816 4110 985 4175; x_wconf 78' lang='lat' dir='ltr'>qnae‘sslse&#39;</span> <span class='ocrx_word' id='word_1_531' title='bbox 1004 4113 1117 4161; x_wconf 82' lang='lat' dir='ltr'>collocet</span> <span class='ocrx_word' id='word_1_532' title='bbox 1137 4127 1193 4162; x_wconf 77' lang='lat' dir='ltr'>osum</span> <span class='ocrx_word' id='word_1_533' title='bbox 1211 4113 1253 4168; x_wconf 81' lang='lat' dir='ltr'>ed,</span> 
     </span>
     <span class='ocr_line' id='line_1_53' title="bbox 151 4174 1255 4244; baseline -0.001 -17"><span class='ocrx_word' id='word_1_534' title='bbox 151 4178 251 4244; x_wconf 86' lang='lat' dir='ltr'>Delph.</span> <span class='ocrx_word' id='word_1_535' title='bbox 261 4178 288 4226; x_wconf 88' lang='lat' dir='ltr'>iu</span> <span class='ocrx_word' id='word_1_536' title='bbox 300 4192 337 4226; x_wconf 85' lang='lat' dir='ltr'>vs.</span> <span class='ocrx_word' id='word_1_537' title='bbox 349 4178 476 4242; x_wconf 84' lang='lat' dir='ltr'>sequenti.</span> <span class='ocrx_word' id='word_1_538' title='bbox 510 4177 661 4240; x_wconf 67' lang='lat' dir='ltr'>furesquidt</span> <span class='ocrx_word' id='word_1_539' title='bbox 677 4177 723 4225; x_wconf 90' lang='lat' dir='ltr'>dat</span> <span class='ocrx_word' id='word_1_540' title='bbox 743 4175 820 4224; x_wconf 85' lang='lat' dir='ltr'>Both.</span> <span class='ocrx_word' id='word_1_541' title='bbox 842 4174 896 4239; x_wconf 82' lang='lat' dir='ltr'>qni,</span> <span class='ocrx_word' id='word_1_542' title='bbox 912 4175 1024 4239; x_wconf 79' lang='lat' dir='ltr'>‘Neque</span> <span class='ocrx_word' id='word_1_543' title='bbox 1041 4175 1142 4226; x_wconf 74' lang='lat' dir='ltr'>mutate</span> <span class='ocrx_word' id='word_1_544' title='bbox 1158 4175 1255 4241; x_wconf 78' lang='lat' dir='ltr'>friuet,¹</span> 
     </span>
     <span class='ocr_line' id='line_1_54' title="bbox 151 4238 1254 4308; baseline 0.001 -16"><span class='ocrx_word' id='word_1_545' title='bbox 151 4243 201 4308; x_wconf 85' lang='lat' dir='ltr'>sit,</span> <span class='ocrx_word' id='word_1_546' title='bbox 217 4241 281 4296; x_wconf 84' lang='lat' dir='ltr'>‘sed</span> <span class='ocrx_word' id='word_1_547' title='bbox 293 4249 365 4293; x_wconf 87' lang='lat' dir='ltr'>reete</span> <span class='ocrx_word' id='word_1_548' title='bbox 375 4240 560 4292; x_wconf 78' lang='lat' dir='ltr'>additur.&#39;-18</span> <span class='ocrx_word' id='word_1_549' title='bbox 579 4239 707 4290; x_wconf 77' lang='lat' dir='ltr'>Hominum</span> <span class='ocrx_word' id='word_1_550' title='bbox 725 4254 757 4290; x_wconf 83' lang='lat' dir='ltr'>er</span> <span class='ocrx_word' id='word_1_551' title='bbox 776 4239 842 4294; x_wconf 78' lang='lat' dir='ltr'>Mes.</span> <span class='ocrx_word' id='word_1_552' title='bbox 861 4238 1015 4304; x_wconf 82' lang='lat' dir='ltr'>quibusdem</span> <span class='ocrx_word' id='word_1_553' title='bbox 1035 4239 1118 4293; x_wconf 87' lang='lat' dir='ltr'>edidit</span> <span class='ocrx_word' id='word_1_554' title='bbox 1129 4241 1254 4294; x_wconf 74' lang='lat' dir='ltr'>Fuimus.</span> 
     </span>
    </p>
   </div>
   <div class='ocr_carea' id='block_1_5' title="bbox 0 0 1520 4896">
    <p class='ocr_par' dir='ltr' id='par_1_7' title="bbox 0 0 1520 4896">
     <span class='ocr_line' id='line_1_55' title="bbox 0 0 1520 4896; baseline 0 0"><span class='ocrx_word' id='word_1_555' title='bbox 0 0 1520 4896; x_wconf 95' lang='lat' dir='ltr'> </span> 
     </span>
    </p>
   </div>
  </div>
 </body>
</html>
