2958 4892
264 405 334 474 leo
524 421 557 468 m
583 419 691 468 rium
717 417 1100 468 orsunvrnruucuunr

265 572 298 623 ut
310 561 446 622 carminis
460 561 535 620 ratio
549 568 580 620 et
599 559 706 620 modat
720 559 771 632 rei,
786 577 846 639 qua
870 559 908 619 de
931 561 1039 640 agitur,
1064 567 1197 619 naturam
1222 559 1284 620 lere
1296 561 1357 641 plo·

264 675 385 737 rumque
404 657 578 737 exprimant,
600 655 680 734 quod
696 655 725 714 in
746 656 848 734 primia
861 654 1078 716 obaerrandum
1093 663 1149 728 eet,
1163 663 1194 715 et
1207 655 1268 714 acri
1283 675 1354 734 quo·

264 753 333 814 dom
347 754 459 814 aurium
468 751 581 832 judicio
595 751 836 812 consecrandum.
879 751 934 812 Eat
947 750 1029 811 aliud
1043 751 1143 823 etiam,
1156 751 1187 808 in
1200 769 1261 830 quo
1275 769 1354 810 max-

263 848 323 908 ima
337 848 449 908 utilitas
463 848 560 928 potita
574 855 640 906 ert:
667 845 692 906 ri
707 846 757 925 qui
771 847 848 906 enim
872 847 946 908 iorte
961 866 1073 906 errores
1097 847 1128 904 in
1150 846 1280 906 carmine
1294 845 1356 906 ine·

263 944 330 1016 rint,
345 943 426 1022 quod
448 961 587 1022 perquam
611 941 696 1004 laeile
710 952 810 1024 potest
825 943 950 1015 evenire,
965 951 996 1002 et
1019 941 1138 1002 nimium
1153 960 1234 1022 eope
1247 942 1355 1013 evenit,

145 1058 148 1066 ·
262 1058 314 1100 eoa
329 1059 440 1100 errores
455 1037 673 1118 deprehendere
694 1040 791 1118 poerit
804 1058 901 1111 nemo,
915 1037 971 1098 niti
995 1037 1045 1117 qni
1059 1057 1195 1098 versuum
1214 1039 1359 1104 rationem

262 1133 379 1194 calleat.
423 1133 482 1194 Sed
503 1135 568 1194 heac
583 1134 673 1202 rader
708 1153 803 1214 neque
828 1133 906 1194 enim
929 1132 987 1194 hoc
1010 1132 1076 1192 loco
1101 1145 1191 1194 artem
1216 1119 1354 1193 metiendi

262 1229 397 1288 carminis
412 1229 518 1289 docere
533 1227 658 1288 decrevi.

302 1323 418 1384 Paucae
445 1325 534 1404 igitur
555 1323 810 1384 observatiuncula
844 1324 1033 1404 proposuisse
1057 1322 1214 1395 suffecerit,
1236 1343 1306 1404 quea
1327 1335 1356 1384 et

261 1429 350 1482 certoe
365 1429 435 1479 aunt
454 1430 485 1480 et
505 1420 678 1498 perspicue.
722 1420 780 1478 Eae
804 1431 901 1480 autem
927 1421 1097 1500 priusquam
1122 1417 1279 1498 ingredior,
1299 1419 1355 1480 hoc

261 1513 341 1586 audi,
354 1515 434 1594 quod
448 1514 527 1594 apud
543 1514 715 1574 Ciceronem
726 1514 756 1572 in
772 1513 896 1574 Oratore
910 1514 1044 1574 Perfecto
1057 1514 1194 1593 scripturn
1206 1523 1273 1574 eat:
1295 1521 1303 1548 ¹
1316 1515 1356 1573 At

262 1609 448 1671 Comicorum
460 1609 573 1670 Senarii
583 1619 702 1690 propter
713 1609 931 1670 rimilitudinem
941 1610 1094 1681 sermonis,
1105 1607 1199 1688 (quod
1208 1627 1264 1668 noe
1277 1607 1354 1668 Galli

260 1704 350 1784 vulgo
365 1725 504 1766 vocamur
514 1708 716 1766 conversation
729 1715 759 1766 et
772 1707 941 1782 entreiieru)
954 1705 996 1766 ric
1005 1725 1086 1786 impe
1099 1713 1169 1764 eunt
1179 1704 1296 1783 abjecti.
1312 1703 1355 1784 [id

260 1810 317 1872 eet,
331 1801 459 1879 neglecti
474 1811 505 1860 et
522 1799 689 1880 populares,
714 1809 754 1871 et,
773 1811 808 1859 ut
828 1799 926 1860 Graeci
949 1811 1066 1872 vocant,
1090 1795 1356 1876 norontomz]

260 1903 294 1953 ut
307 1909 518 1974 nonnunquam
541 1896 590 1955 vix
610 1895 640 1954 in
664 1895 710 1955 hie
725 1913 863 1956 numerus
882 1896 925 1975 [id
940 1907 996 1969 eat,
1016 1895 1178 1975 rhythmus,
1197 1905 1232 1954 nt
1250 1895 1355 1956 Graece

260 1989 379 2068 dicitur]
398 2001 429 2050 et
441 2009 543 2050 verene
567 1991 610 2071 [id
625 2001 680 2064 est,
696 1991 853 2071 dimensio]
879 1991 986 2052 sentiri·
1006 1989 1121 2070 poesit'
1161 1989 1252 2050 Video
1269 1990 1354 2052 Cice·

259 2103 359 2146 ronem
382 2089 478 2168 iprum
506 2088 599 2160 interi,
624 2107 691 2167 qum
716 2089 825 2150 fatetur
847 2089 884 2148 de
912 2087 1103 2157 dimensione,
1130 2085 1168 2145 de
1194 2085 1352 2165 rhythmo:

258 2193 425 2265 utrumque,
441 2185 563 2259 scillcet,
577 2187 625 2247 vix
639 2187 741 2247 sentiri
755 2205 855 2268 poure.
890 2185 969 2254 Quid
983 2203 1037 2244 nor
1051 2185 1190 2244 barbaros
1205 2183 1352 2255 hominen,

258 2289 289 2340 et
303 2299 321 2340 a
335 2281 474 2342 felicitate
496 2301 531 2343 ec
552 2281 688 2346 doctrina
712 2283 791 2343 illius
806 2281 907 2343 saeculi
922 2291 982 2340 tam
1003 2298 1111 2358 magna
1132 2277 1352 2359 intercapedine

260 2374 392 2446 dissitos,
402 2377 537 2456 judicare
553 2375 681 2437 deceat?
710 2376 780 2450 Sed,
804 2377 885 2456 quod
905 2376 1018 2448 mirere,
1032 2375 1070 2435 de
1094 2373 1215 2435 senariis
1238 2384 1353 2434 tanturn

258 2467 386 2548 loquitur
400 2472 513 2532 Cicero.
556 2471 647 2544 Quid,
661 2474 685 2532 ri
699 2471 736 2532 de
758 2472 925 2547 trochaicis,
947 2471 984 2532 de
999 2468 1208 2550 anaprerticiei
1235 2469 1272 2529 de
1287 2470 1352 2530 uni-

258 2583 343 2624 verso
369 2585 476 2644 genere
497 2565 710 2626 iambicorumi
730 2566 802 2646 quid
828 2567 852 2626 ui
877 2566 914 2626 de
935 2565 1080 2626 universis
1105 2564 1351 2646 mapaerucorum

258 2660 359 2722 formio
383 2660 530 2741 agendum
555 2661 611 2741 ipsi
634 2662 759 2722 hrieoeti
791 2662 870 2730 Quid
894 2663 931 2722 de
957 2661 1022 2721 aliie
1043 2661 1209 2740 generibus,
1233 2679 1301 2740 qum
1323 2661 1352 2720 in

259 2756 431 2818 Graecorum
456 2757 616 2818 Comoediis
640 2759 787 2820 celebrato
811 2759 881 2820 olim
907 2757 1049 2818 luerunt?
1079 2757 1153 2817 Tum
1167 2775 1236 2818 vero
1256 2757 1351 2836 megia

257 2849 389 2925 dirimet,
408 2853 476 2912 ‘rix
491 2853 592 2914 uentiri
606 2854 752 2932 pomum!

299 2946 359 3006 Sed
373 2946 412 3006 ed
426 2967 486 3008 rem
501 2948 596 3008 renio.
631 2947 681 3007 Sic
695 2948 784 3026 igitur
797 2947 877 3008 docti
892 2947 1071 3020 existiment,
1086 2946 1146 3006 duo
1159 2955 1273 3006 tantum
1286 2965 1352 3007 ver·

260 3059 344 3100 tuum
359 3059 468 3120 genere
482 3060 549 3100 eree
561 3039 640 3118 apud
655 3041 833 3114 Terentium,
846 3043 987 3103 iambicon
1002 3053 1032 3103 et
1046 3042 1222 3102 trocheicor.
1246 3041 1280 3100 ld
1294 3059 1351 3121 ego

258 3135 285 3192 in
302 3135 470 3194 universnm
487 3153 553 3195 eure
567 3135 753 3196 verissimum
767 3137 838 3198 acio.
882 3137 942 3199 Sed
956 3137 1027 3219 quid
1045 3137 1084 3197 ad
1097 3137 1153 3198 boe
1167 3157 1266 3198 veraua
1281 3137 1349 3198 Act.

258 3247 306 3288 rr.
326 3229 447 3288 Andriae
461 3248 503 3289 ec.
521 3231 548 3290 l.
563 3228 670 3293 dicari

337 3369 471 3432 Haecine
485 3372 623 3434 credibile
639 3385 685 3436 eet
698 3384 751 3436 aut
762 3375 958 3450 memorabile,

337 3465 433 3526 Tanta
445 3467 581 3527 vecordia
595 3469 697 3530 innata
709 3471 846 3551 cuiquam
861 3483 895 3532 ut
908 3473 974 3545 eiet,

338 3558 379 3621 Ut
392 3561 477 3622 melis
492 3563 622 3644 gaudeat
636 3567 750 3642 alienis,
763 3580 851 3648 atque
866 3589 902 3628 ex
916 3569 1109 3630 incommodis

337 3658 466 3720 Alterius
479 3679 533 3720 rua
546 3672 584 3722 ut
593 3674 741 3745 comperet
755 3665 927 3726 commoda!
948 3665 1003 3724 ab!

296 3811 339 3872 lbi
353 3813 425 3874 nihil
441 3815 583 3889 Fuimus,
603 3815 646 3875 vir
668 3817 698 3876 in
721 3817 778 3877 isto
796 3836 901 3898 genere
920 3817 1170 3898 diligentissimus.
1213 3815 1352 3877 Muretur

256 3916 354 3967 autem
379 3909 456 3969 ultro
478 3910 596 3984 latetur,
620 3911 723 3972 horum
745 3925 870 3992 quatuor
884 3931 1018 3973 versuum
1043 3913 1185 3974 rationem
1200 3911 1353 3992 explicare·

258 4001 375 4062 difficile
388 4021 464 4063 esee.
507 4005 575 4064 Scio
589 4005 660 4084 quid
676 4007 845 4082 Goreauuo,
860 4009 931 4088 quid
957 4009 1098 4088 Scaliger,
1112 4007 1183 4088 quid
1206 4007 1354 4068 Erasmus·

257 4095 384 4155 dixerint
395 4098 433 4156 ad
447 4099 526 4159 bunc
541 4119 666 4161 cereum.
701 4103 742 4164 At
755 4123 814 4164 non
829 4117 875 4166 cet
889 4105 1031 4178 tenarius,
1051 4110 1107 4164 &c
1129 4104 1263 4164 Arbitror
1280 4123 1347 4165 esee

258 4189 444 4270 Dactyllcum
458 4197 674 4272 quaternarium
689 4201 867 4280 perfectumr
890 4211 921 4264 rt
941 4203 1008 4264 talia
1022 4201 1190 4264 necessario
1209 4200 1307 4278 buerit,
1321 4201 1348 4260 ei
