2966 4890
302 816 606 910 ELOGIA
656 819 1043 910 VETERUM

427 1079 491 1146 ue
512 1080 620 1148 rue.
641 1043 919 1148 ruenuurossr

291 1533 413 1617 Varro,
428 1535 653 1616 Parmenon03
676 1533 811 1601 Nonius
825 1537 871 1615 iu,
886 1536 1045 1602 Poscere.

125 1619 174 1710 Ῑιι
204 1648 410 1731 argumentis
433 1645 592 1712 Caecilius
614 1647 725 1730 poscit
746 1647 913 1730 pelmam3
940 1649 974 1714 in
996 1649 1124 1714 ethesin
1147 1649 1216 1714 Te·

124 1747 264 1832 rentius3
286 1749 320 1814 iu
335 1747 542 1814 sermonibus
558 1745 718 1813 Plautus.

153 1940 164 1987 l
179 1931 210 1982 lu
219 1931 371 1997 luisJudicils
381 1931 500 1999 quedam
511 1946 545 1982 ue
557 1930 647 1981 absur-
687 1929 900 1982 simosaccurate
910 1931 1009 1983 critice
1017 1947 1136 1983 successu
1146 1932 1215 1983 omui

122 2005 312 2074 sitstsquldem
323 2015 429 2060 carente
447 2009 522 2076 quale
534 2007 647 2058 Vulcatii
687 2019 744 2056 eso
763 2006 915 2072 prestitisse
942 2009 1054 2071 ignorat,
1071 2009 1141 2058 illum
1162 2009 1217 2072 ple·

120 2081 228 2148 Sedigiti
249 2083 352 2148 pridem
379 2083 463 2134 doctis
487 2083 570 2134 risum
597 2091 647 2133 est.
686 2095 767 2146 reque
786 2081 915 2132 interioris
942 2082 1068 2132 doctrin·
1094 2081 1217 2147 mysteria

118 2157 278 2226 ‘Elegantia
298 2157 443 2223 sermonis,’
472 2165 501 2210 et
526 2157 646 2222 ‘mores,’
685 2153 787 2220 sugunt
797 2170 902 2206 necesse
912 2165 961 2207 est.
983 2156 1044 2207 Nou
1056 2155 1215 2209 sufficiteru·

119 2246 243 2285 eouseusn
260 2235 423 2286 tribuuntur:
440 2235 521 2286 etism
540 2241 599 2285 ‘ers
618 2240 647 2286 et
686 2230 759 2290 ditio,
770 2247 827 2298 que
838 2231 1021 2282 confidentiam
1036 2245 1153 2296 persepe
1171 2247 1216 2296 ge·

117 2310 195 2359 metri
220 2309 370 2375 diligentia'
400 2309 432 2360 Iu
454 2309 645 2374 ‘argumentis’
686 2316 777 2372 nerst;
796 2311 894 2374 utplus
913 2311 977 2361 satis
996 2311 1091 2376 promti
1104 2310 1167 2375 siut,
1181 2309 1215 2360 ad

117 2386 180 2450 quid
192 2387 279 2438 velest
287 2385 396 2438 subinde
406 2385 559 2438 ridebimus.
578 2387 646 2438 Dis·
685 2386 913 2452 pronuntiandum,
924 2387 968 2452 qui
978 2387 1100 2437 Auctoris
1111 2387 1216 2451 genium

115 2459 181 2511 lruus
194 2469 378 2526 retenentes,
392 2463 462 2514 aliud
478 2463 556 2527 vulgi,
575 2462 645 2514 uliud
686 2463 799 2513 noudum
818 2461 1027 2528 perdidiceruut:
1045 2477 1078 2512 ne
1089 2462 1216 2513 dicamde

114 2537 276 2590 eruditorum
291 2537 325 2589 tie
339 2538 429 2590 Poiitis
443 2537 571 2604 judicium
581 2553 646 2590 esse.
686 2538 844 2602 pervulgatis
866 2539 1040 2604 opinionibus,
1060 2553 1117 2604 ques
1145 2539 1215 2590 haud

114 2611 207 2678 Certe,
225 2615 248 2666 sl
258 2615 316 2681 quis
326 2614 456 2678 attendat,
465 2615 572 2666 Horatii
588 2629 646 2666 rer·
686 2629 746 2666 saro
762 2616 870 2666 eximias
882 2631 985 2681 quoque
1008 2623 1108 2666 utentes
1122 2615 1214 2666 derer-

112 2689 251 2753 emathii,
269 2691 340 2755 rulgi
354 2691 519 2752 senteutiam,
535 2705 586 2742 uon
606 2691 645 2756 ip-
687 2697 766 2741 tunt:
787 2705 846 2742 oum
866 2691 1021 2756 presertim,
1042 2689 1112 2755 quod
1134 2691 1215 2755 probe

112 2763 176 2828 sins,
198 2765 291 2816 summi
305 2779 368 2816 ssue
383 2766 482 2830 critici,
490 2767 646 2830 exprimunt·
686 2765 838 2828 notsurlum,
852 2766 886 2815 de
905 2766 982 2816 Nora
999 2765 1131 2817 Comoeffla
1143 2767 1215 2832 judi·

113 2837 185 2890 Quid
201 2841 271 2890 enisu
287 2841 643 2908 ipsesrlmirareturlnprlu-
684 2841 789 2905 esteris,
810 2847 946 2905 respectus
973 2841 1080 2891 Veteris
1104 2841 1214 2893 subinde

110 2914 172 2980 cipe
184 2915 357 2978 (lonicorum,
368 2917 452 2968 uoluit
463 2917 583 2985 cuiquem
598 2933 642 2969 oe·
684 2916 811 2980 obstaret,
833 2916 995 2983 animumque
1011 2917 1114 2968 divorse
1128 2921 1214 2970 trahe-

111 2992 213 3041 cultum
224 3005 290 3044 esse.
322 2993 379 3058 Ipsi
387 2992 485 3044 eruditi
496 3000 596 3044 tantum
604 2995 643 3044 lu·
683 2998 734 3042 ret.
755 2991 852 3042 Dicam
863 2991 975 3042 iterum:
994 2991 1112 3043 Accedst
1126 2995 1165 3044 sir
1175 2996 1215 3046 iu·

112 3073 154 3117 ter
165 3082 197 3119 se
207 3083 258 3118 nou
271 3069 419 3134 discrepare
437 3069 605 3134 ridebuntur,
621 3071 643 3121 sl
683 3068 758 3132 penio
770 3075 798 3118 et
809 3067 928 3119 ‹loctrins
938 3069 1168 3132 prestantissimus
1179 3073 1214 3122 ed

109 3143 227 3208 singulos
234 3145 388 3210 minamur,
399 3145 460 3212 quin
471 3146 547 3196 unius
564 3153 592 3196 et
607 3147 643 3196 al·
683 3141 816 3193 iereurlaru
828 3143 904 3208 paulo
914 3143 1070 3208 explicatius
1078 3145 1112 3196 rie
1121 3160 1214 3210 magne

109 3219 198 3270 terius
219 3219 350 3270 sententie
369 3225 515 3271 ceterorum
530 3221 643 3272 auctori·
683 3218 769 3284 aliquo
777 3225 805 3269 et
814 3216 932 3283 perfecto
940 3233 974 3270 ex
981 3220 1122 3272 Veteribus
1129 3222 1214 3274 Polite

108 3300 168 3345 tate
188 3295 266 3346 obrul
285 3306 373 3362 quent.
404 3295 445 3345 De
461 3293 573 3347 Horatio
590 3296 642 3347 dic·
682 3293 855 3345 sententismt
884 3293 933 3344 uisi
953 3294 1049 3346 iterum
1068 3296 1214 3363 iterumque

107 3377 164 3420 turn
176 3376 231 3420 est:
244 3384 376 3435 quemuou
387 3371 463 3436 legit,
472 3371 642 3423 multominus
682 3367 867 3434 relegerituisi
874 3369 1030 3433 cogitaverit
1037 3371 1215 3436 subtilissime,

104 3445 284 3496 Terentisuas
299 3446 326 3496 lu
342 3462 374 3498 eo
384 3447 541 3498 imitationes
556 3448 642 3499 obser·
683 3463 714 3498 sc
726 3445 844 3512 exegerit
861 3447 962 3512 singule
976 3449 1159 3512 attentissime,
1174 3448 1214 3499 fs·

103 3521 191 3584 sarit,
204 3521 249 3586 qul
259 3521 292 3571 ad
304 3520 462 3587 interpretes
473 3521 570 3574 sibilrio
580 3537 643 3574 enu·
683 3525 733 3576 cile
753 3525 821 3574 lines
843 3523 957 3574 excidet.
991 3523 1155 3573 Documenta
1166 3539 1212 3574 no·

103 3597 168 3648 duur
177 3597 422 3649 existimatservii
433 3599 575 3650 auctoritas
586 3607 643 3652 ten·
683 3601 767 3652 lomus
780 3601 837 3664 jam
856 3598 906 3649 nisi
922 3613 956 3649 ex
975 3598 1093 3662 proximo
1113 3605 1211 3661 petere.

99 3673 122 3724 ti
142 3687 203 3724 uon
221 3679 273 3736 est,
288 3679 319 3723 ut
336 3674 393 3725 ioco
410 3674 518 3726 rationis
528 3689 584 3726 esse
599 3675 643 3727 de·
683 3679 758 3730 Sicut
769 3677 890 3729 scerrlrui
905 3675 1046 3739 ririnpeoii
1059 3673 1212 3726 Franciscus

98 3749 178 3801 belt-
215 3749 311 3800 Nonne
329 3749 398 3800 enlm
412 3749 643 3816 mullttnutmuoe
683 3753 797 3807 Guietus
808 3765 892 3816 nuper
904 3749 1052 3812 admodum,
1069 3749 1211 3800 rectissime

99 3824 265 3877 eruditionis
273 3825 643 3892 potins‚qusmj11diettfaeot·
682 3837 710 3882 et
719 3827 867 3880 felicissime
885 3825 1019 3890 amplexus
1035 3823 1137 3875 Afranii
1152 3839 1211 3874 seu·

97 3909 190 3954 tatem
207 3902 237 3952 iu
256 3917 289 3953 eo
306 3903 486 3954 Grammatico
494 3905 643 3958 testantur?
682 3898 1039 3962 tentiam,‘omnesomnium
1048 3897 1210 3950 Comioorum

96 3979 206 4030 Fabius
221 3977 398 4032 Quintilianus
409 3981 487 4045 pleno
498 3979 587 4030 nodat
597 3993 641 4031 ore
681 3979 708 4029 ln
714 3991 766 4028 uuo
775 3974 899 4026 Terentio
909 3973 1024 4024 eminere
1036 3972 1211 4038 virtutes‚'ju·

94 4055 281 4120 Terentium
292 4056 343 4107 uisi
354 4055 425 4124 quod
437 4057 542 4114 incaute
553 4055 586 4105 de
597 4053 642 4106 tri·
681 4053 795 4116 dicasit3
813 4051 851 4102 ite
862 4049 999 4116 superiore
1010 4049 1116 4112 seculo,
1130 4049 1210 4100 nolle·

92 4130 642 4184 metrissddit:refutatosmeritoslleor-
681 4145 738 4182 mus
756 4142 854 4180 summo
875 4127 940 4190 siro,
957 4132 986 4177 et
1000 4125 1069 4193 quod
1081 4133 1161 4190 csput
1172 4126 1211 4176 rei

89 4209 140 4274 gio
161 4199 302 4261 Fabricio.
334 4209 469 4274 Ceterum,
487 4207 643 4274 quipsucls·
683 4213 732 4267 est,
751 4201 915 4272 κρπικιιιάτφ,
932 4203 1002 4257 lutto
1027 4201 1159 4266 Scaligero
1178 4215 1210 4252 ee
