<?xml version="1.0" encoding="UTF-8"?>
<!DOCTYPE html PUBLIC "-//W3C//DTD XHTML 1.0 Transitional//EN"
    "http://www.w3.org/TR/xhtml1/DTD/xhtml1-transitional.dtd">
<html xmlns="http://www.w3.org/1999/xhtml" xml:lang="en" lang="en">
 <head>
  <title>
</title>
<meta http-equiv="Content-Type" content="text/html;charset=utf-8" />
  <meta name='ocr-system' content='tesseract 3.04.00' />
  <meta name='ocr-capabilities' content='ocr_page ocr_carea ocr_par ocr_line ocrx_word'/>
</head>
<body>
  <div class='ocr_page' id='page_1' title='image "./comoedisex05westgoog_0241.png"; bbox 0 0 2966 4890; ppageno 0'>
   <div class='ocr_carea' id='block_1_1' title="bbox 471 401 1223 486">
    <p class='ocr_par' dir='ltr' id='par_1_1' title="bbox 471 401 1223 486">
     <span class='ocr_line' id='line_1_1' title="bbox 471 401 1223 486; baseline 0.013 -28"><span class='ocrx_word' id='word_1_1' title='bbox 471 407 521 458; x_wconf 91' lang='lat' dir='ltr'><strong>un</strong></span> <span class='ocrx_word' id='word_1_2' title='bbox 545 407 683 458; x_wconf 80' lang='lat' dir='ltr'><strong>unsara</strong></span> <span class='ocrx_word' id='word_1_3' title='bbox 706 409 870 486; x_wconf 23' lang='lat' dir='ltr'><strong>conici-s.</strong></span> <span class='ocrx_word' id='word_1_4' title='bbox 1159 401 1223 468; x_wconf 77' lang='lat'><strong>231</strong></span> 
     </span>
    </p>
   </div>
   <div class='ocr_carea' id='block_1_2' title="bbox 125 547 1263 2635">
    <p class='ocr_par' dir='ltr' id='par_1_2' title="bbox 125 547 1223 730">
     <span class='ocr_line' id='line_1_2' title="bbox 125 547 1223 632; baseline 0.01 -24"><span class='ocrx_word' id='word_1_5' title='bbox 125 549 206 610; x_wconf 89' lang='lat' dir='ltr'><strong>tione</strong></span> <span class='ocrx_word' id='word_1_6' title='bbox 219 549 342 630; x_wconf 89' lang='lat' dir='ltr'><strong>longam</strong></span> <span class='ocrx_word' id='word_1_7' title='bbox 362 547 479 623; x_wconf 82' lang='lat' dir='ltr'><strong>reddat,</strong></span> <span class='ocrx_word' id='word_1_8' title='bbox 501 548 549 611; x_wconf 83' lang='lat' dir='ltr'><strong>vel</strong></span> <span class='ocrx_word' id='word_1_9' title='bbox 563 557 597 610; x_wconf 91' lang='lat' dir='ltr'><strong>ut</strong></span> <span class='ocrx_word' id='word_1_10' title='bbox 609 549 720 610; x_wconf 77' lang='lat' dir='ltr'><strong>vocalis</strong></span> <span class='ocrx_word' id='word_1_11' title='bbox 734 551 843 624; x_wconf 87' lang='lat' dir='ltr'><strong>linaiis,</strong></span> <span class='ocrx_word' id='word_1_12' title='bbox 867 571 934 632; x_wconf 82' lang='lat' dir='ltr'><strong>quoe</strong></span> <span class='ocrx_word' id='word_1_13' title='bbox 948 565 1148 632; x_wconf 75' lang='lat' dir='ltr'><strong>precesserat,</strong></span> <span class='ocrx_word' id='word_1_14' title='bbox 1162 579 1223 620; x_wconf 85' lang='lat' dir='ltr'><strong>uon</strong></span> 
     </span>
     <span class='ocr_line' id='line_1_3' title="bbox 126 642 1141 730; baseline 0.007 -24"><span class='ocrx_word' id='word_1_15' title='bbox 126 642 263 708; x_wconf 72' lang='lat' dir='ltr'><strong>elidatur.</strong></span> <span class='ocrx_word' id='word_1_16' title='bbox 305 645 372 706; x_wconf 89' lang='lat' dir='ltr'><strong>Hoc</strong></span> <span class='ocrx_word' id='word_1_17' title='bbox 385 643 495 706; x_wconf 86' lang='lat' dir='ltr'><strong>Plauto</strong></span> <span class='ocrx_word' id='word_1_18' title='bbox 507 654 702 726; x_wconf 87' lang='lat' dir='ltr'><strong>perpetuum:</strong></span> <span class='ocrx_word' id='word_1_19' title='bbox 723 645 777 706; x_wconf 88' lang='lat' dir='ltr'><strong>sed</strong></span> <span class='ocrx_word' id='word_1_20' title='bbox 796 645 949 710; x_wconf 81' lang='lat' dir='ltr'>Terentius</span> <span class='ocrx_word' id='word_1_21' title='bbox 959 651 1141 730; x_wconf 69' lang='lat' dir='ltr'><strong>parcissime.</strong></span> 
     </span>
    </p>

    <p class='ocr_par' dir='ltr' id='par_1_3' title="bbox 127 741 1222 1296">
     <span class='ocr_line' id='line_1_4' title="bbox 168 741 1220 827; baseline 0.011 -28"><span class='ocrx_word' id='word_1_22' title='bbox 168 741 245 800; x_wconf 83' lang='lat' dir='ltr'><strong>Haec</strong></span> <span class='ocrx_word' id='word_1_23' title='bbox 258 752 357 802; x_wconf 84' lang='lat' dir='ltr'><strong>autam</strong></span> <span class='ocrx_word' id='word_1_24' title='bbox 368 761 405 802; x_wconf 91' lang='lat' dir='ltr'><strong>ea</strong></span> <span class='ocrx_word' id='word_1_25' title='bbox 417 741 478 802; x_wconf 88' lang='lat' dir='ltr'><strong>lere</strong></span> <span class='ocrx_word' id='word_1_26' title='bbox 492 751 642 821; x_wconf 77' lang='lat' dir='ltr'><strong>suntquis</strong></span> <span class='ocrx_word' id='word_1_27' title='bbox 657 741 694 802; x_wconf 92' lang='lat' dir='ltr'><strong>de</strong></span> <span class='ocrx_word' id='word_1_28' title='bbox 708 741 833 804; x_wconf 88' lang='lat' dir='ltr'><strong>licentiis</strong></span> <span class='ocrx_word' id='word_1_29' title='bbox 847 742 974 806; x_wconf 86' lang='lat' dir='ltr'><strong>dicenda</strong></span> <span class='ocrx_word' id='word_1_30' title='bbox 987 745 1220 827; x_wconf 76' lang='lat' dir='ltr'><strong>babui,qusrum</strong></span> 
     </span>
     <span class='ocr_line' id='line_1_5' title="bbox 127 835 1222 918; baseline 0.008 -23"><span class='ocrx_word' id='word_1_31' title='bbox 127 835 274 916; x_wconf 82' lang='lat' dir='ltr'><strong>quasdam</strong></span> <span class='ocrx_word' id='word_1_32' title='bbox 301 837 333 897; x_wconf 91' lang='lat' dir='ltr'><strong>in</strong></span> <span class='ocrx_word' id='word_1_33' title='bbox 365 835 514 918; x_wconf 80' lang='lat' dir='ltr'><strong>prosodias</strong></span> <span class='ocrx_word' id='word_1_34' title='bbox 551 836 633 917; x_wconf 88' lang='lat' dir='ltr'><strong>leges</strong></span> <span class='ocrx_word' id='word_1_35' title='bbox 647 847 679 898; x_wconf 92' lang='lat' dir='ltr'><strong>et</strong></span> <span class='ocrx_word' id='word_1_36' title='bbox 705 840 914 916; x_wconf 87' lang='lat' dir='ltr'><strong>pronuntiandi</strong></span> <span class='ocrx_word' id='word_1_37' title='bbox 941 842 1070 902; x_wconf 89' lang='lat' dir='ltr'><strong>rationes</strong></span> <span class='ocrx_word' id='word_1_38' title='bbox 1102 845 1222 904; x_wconf 87' lang='lat' dir='ltr'><strong>nimium</strong></span> 
     </span>
     <span class='ocr_line' id='line_1_6' title="bbox 127 931 1221 1014; baseline 0.008 -22"><span class='ocrx_word' id='word_1_39' title='bbox 127 951 251 1012; x_wconf 86' lang='lat' dir='ltr'><strong>peccare</strong></span> <span class='ocrx_word' id='word_1_40' title='bbox 263 951 325 993; x_wconf 90' lang='lat' dir='ltr'><strong>uon</strong></span> <span class='ocrx_word' id='word_1_41' title='bbox 337 931 521 993; x_wconf 86' lang='lat' dir='ltr'><strong>diffitendum</strong></span> <span class='ocrx_word' id='word_1_42' title='bbox 534 941 592 992; x_wconf 86' lang='lat' dir='ltr'><strong>est.</strong></span> <span class='ocrx_word' id='word_1_43' title='bbox 632 931 693 994; x_wconf 86' lang='lat' dir='ltr'><strong>Sed</strong></span> <span class='ocrx_word' id='word_1_44' title='bbox 713 933 780 992; x_wconf 78' lang='lat' dir='ltr'><strong>istm</strong></span> <span class='ocrx_word' id='word_1_45' title='bbox 793 934 943 1014; x_wconf 77' lang='lat' dir='ltr'><strong>plerasque</strong></span> <span class='ocrx_word' id='word_1_46' title='bbox 956 955 1059 998; x_wconf 88' lang='lat' dir='ltr'><strong>omues</strong></span> <span class='ocrx_word' id='word_1_47' title='bbox 1074 937 1221 1001; x_wconf 77' lang='lat' dir='ltr'><strong>Plautinae</strong></span> 
     </span>
     <span class='ocr_line' id='line_1_7' title="bbox 128 1025 1222 1110; baseline 0.01 -24"><span class='ocrx_word' id='word_1_48' title='bbox 128 1037 219 1095; x_wconf 86' lang='lat' dir='ltr'><strong>suut:</strong></span> <span class='ocrx_word' id='word_1_49' title='bbox 234 1027 387 1089; x_wconf 77' lang='lat' dir='ltr'><strong>Terentius</strong></span> <span class='ocrx_word' id='word_1_50' title='bbox 401 1025 559 1089; x_wconf 86' lang='lat' dir='ltr'><strong>atmodum</strong></span> <span class='ocrx_word' id='word_1_51' title='bbox 569 1027 712 1103; x_wconf 74' lang='lat' dir='ltr'><strong>adhibuit,</strong></span> <span class='ocrx_word' id='word_1_52' title='bbox 721 1030 802 1109; x_wconf 92' lang='lat' dir='ltr'><strong>quod</strong></span> <span class='ocrx_word' id='word_1_53' title='bbox 814 1029 853 1090; x_wconf 90' lang='lat' dir='ltr'><strong>ad</strong></span> <span class='ocrx_word' id='word_1_54' title='bbox 866 1031 1048 1094; x_wconf 84' lang='lat' dir='ltr'><strong>licentiarum</strong></span> <span class='ocrx_word' id='word_1_55' title='bbox 1060 1053 1222 1110; x_wconf 88' lang='lat' dir='ltr'><strong>numerum,</strong></span> 
     </span>
     <span class='ocr_line' id='line_1_8' title="bbox 127 1117 1222 1211; baseline 0.008 -28"><span class='ocrx_word' id='word_1_56' title='bbox 127 1131 159 1183; x_wconf 87' lang='lat' dir='ltr'><strong>et</strong></span> <span class='ocrx_word' id='word_1_57' title='bbox 171 1123 245 1194; x_wconf 87' lang='lat' dir='ltr'><strong>miro</strong></span> <span class='ocrx_word' id='word_1_58' title='bbox 257 1121 375 1184; x_wconf 89' lang='lat' dir='ltr'><strong>delectu</strong></span> <span class='ocrx_word' id='word_1_59' title='bbox 389 1141 462 1184; x_wconf 85' lang='lat' dir='ltr'><strong>usus</strong></span> <span class='ocrx_word' id='word_1_60' title='bbox 476 1130 533 1197; x_wconf 87' lang='lat' dir='ltr'><strong>ast,</strong></span> <span class='ocrx_word' id='word_1_61' title='bbox 548 1117 629 1202; x_wconf 89' lang='lat' dir='ltr'><strong>quod</strong></span> <span class='ocrx_word' id='word_1_62' title='bbox 650 1123 689 1184; x_wconf 90' lang='grc'><strong>66</strong></span> <span class='ocrx_word' id='word_1_63' title='bbox 710 1143 809 1186; x_wconf 88' lang='lat' dir='ltr'><strong>earum</strong></span> <span class='ocrx_word' id='word_1_64' title='bbox 834 1145 953 1206; x_wconf 86' lang='lat' dir='ltr'><strong>genera,</strong></span> <span class='ocrx_word' id='word_1_65' title='bbox 971 1137 1001 1189; x_wconf 93' lang='lat' dir='ltr'><strong>et</strong></span> <span class='ocrx_word' id='word_1_66' title='bbox 1016 1147 1034 1190; x_wconf 94' lang='grc'><strong>6</strong></span> <span class='ocrx_word' id='word_1_67' title='bbox 1047 1149 1106 1189; x_wconf 92' lang='lat' dir='ltr'><strong>non</strong></span> <span class='ocrx_word' id='word_1_68' title='bbox 1120 1133 1222 1211; x_wconf 88' lang='lat' dir='ltr'><strong>paucis</strong></span> 
     </span>
     <span class='ocr_line' id='line_1_9' title="bbox 127 1217 414 1296; baseline 0.007 -20"><span class='ocrx_word' id='word_1_69' title='bbox 127 1217 247 1296; x_wconf 89' lang='lat' dir='ltr'><strong>penitus</strong></span> <span class='ocrx_word' id='word_1_70' title='bbox 262 1217 414 1278; x_wconf 75' lang='lat' dir='ltr'><strong>abstinuit.</strong></span> 
     </span>
    </p>

    <p class='ocr_par' dir='ltr' id='par_1_4' title="bbox 128 1312 1263 2635">
     <span class='ocr_line' id='line_1_10' title="bbox 169 1312 1221 1395; baseline 0.011 -24"><span class='ocrx_word' id='word_1_71' title='bbox 169 1312 200 1372; x_wconf 91' lang='lat' dir='ltr'><strong>ls</strong></span> <span class='ocrx_word' id='word_1_72' title='bbox 213 1313 333 1392; x_wconf 89' lang='lat' dir='ltr'><strong>quidem</strong></span> <span class='ocrx_word' id='word_1_73' title='bbox 353 1325 415 1374; x_wconf 84' lang='lat' dir='ltr'><strong>tam</strong></span> <span class='ocrx_word' id='word_1_74' title='bbox 437 1323 521 1375; x_wconf 89' lang='lat' dir='ltr'><strong>caste</strong></span> <span class='ocrx_word' id='word_1_75' title='bbox 542 1314 613 1393; x_wconf 87' lang='lat' dir='ltr'><strong>egit,</strong></span> <span class='ocrx_word' id='word_1_76' title='bbox 625 1322 687 1374; x_wconf 85' lang='lat' dir='ltr'><strong>tam</strong></span> <span class='ocrx_word' id='word_1_77' title='bbox 701 1333 808 1394; x_wconf 88' lang='lat' dir='ltr'><strong>parcus</strong></span> <span class='ocrx_word' id='word_1_78' title='bbox 821 1316 878 1377; x_wconf 81' lang='lat' dir='ltr'><strong>suit</strong></span> <span class='ocrx_word' id='word_1_79' title='bbox 900 1319 930 1377; x_wconf 90' lang='lat' dir='ltr'><strong>iu</strong></span> <span class='ocrx_word' id='word_1_80' title='bbox 952 1319 1078 1380; x_wconf 88' lang='lat' dir='ltr'><strong>licentiis</strong></span> <span class='ocrx_word' id='word_1_81' title='bbox 1092 1323 1221 1395; x_wconf 87' lang='lat' dir='ltr'><strong>utendis,</strong></span> 
     </span>
     <span class='ocr_line' id='line_1_11' title="bbox 128 1403 1263 1496; baseline 0.009 -30"><span class='ocrx_word' id='word_1_82' title='bbox 128 1405 164 1466; x_wconf 89' lang='lat' dir='ltr'><strong>iis</strong></span> <span class='ocrx_word' id='word_1_83' title='bbox 174 1407 338 1487; x_wconf 65' lang='lat' dir='ltr'><strong>prasertim</strong></span> <span class='ocrx_word' id='word_1_84' title='bbox 351 1427 420 1487; x_wconf 72' lang='lat' dir='ltr'><strong>quas</strong></span> <span class='ocrx_word' id='word_1_85' title='bbox 439 1427 525 1469; x_wconf 85' lang='lat' dir='ltr'><strong>veras</strong></span> <span class='ocrx_word' id='word_1_86' title='bbox 538 1403 692 1468; x_wconf 74' lang='lat' dir='ltr'><strong>uerborum</strong></span> <span class='ocrx_word' id='word_1_87' title='bbox 705 1411 885 1488; x_wconf 74' lang='lat' dir='ltr'><strong>quantitates</strong></span> <span class='ocrx_word' id='word_1_88' title='bbox 899 1425 1011 1493; x_wconf 82' lang='lat' dir='ltr'><strong>augent</strong></span> <span class='ocrx_word' id='word_1_89' title='bbox 1024 1424 1113 1496; x_wconf 87' lang='lat' dir='ltr'><strong>atque</strong></span> <span class='ocrx_word' id='word_1_90' title='bbox 1126 1417 1224 1478; x_wconf 88' lang='lat' dir='ltr'><strong>inten·</strong></span> <span class='ocrx_word' id='word_1_91' title='bbox 1261 1472 1263 1476; x_wconf 87' lang='lat'><strong>.</strong></span> 
     </span>
     <span class='ocr_line' id='line_1_12' title="bbox 128 1499 1223 1593; baseline 0.012 -33"><span class='ocrx_word' id='word_1_92' title='bbox 128 1499 216 1575; x_wconf 86' lang='lat' dir='ltr'><strong>dunt,</strong></span> <span class='ocrx_word' id='word_1_93' title='bbox 230 1513 263 1562; x_wconf 92' lang='lat' dir='ltr'><strong>ut</strong></span> <span class='ocrx_word' id='word_1_94' title='bbox 277 1523 356 1583; x_wconf 82' lang='lat' dir='ltr'><strong>soepe</strong></span> <span class='ocrx_word' id='word_1_95' title='bbox 377 1504 408 1563; x_wconf 92' lang='lat' dir='ltr'><strong>in</strong></span> <span class='ocrx_word' id='word_1_96' title='bbox 430 1504 575 1576; x_wconf 87' lang='lat' dir='ltr'><strong>iambicis,</strong></span> <span class='ocrx_word' id='word_1_97' title='bbox 597 1523 665 1565; x_wconf 90' lang='lat' dir='ltr'><strong>cum</strong></span> <span class='ocrx_word' id='word_1_98' title='bbox 687 1503 836 1568; x_wconf 77' lang='lat' dir='ltr'><strong>licentiam</strong></span> <span class='ocrx_word' id='word_1_99' title='bbox 858 1509 1020 1572; x_wconf 84' lang='lat' dir='ltr'><strong>adhibitam</strong></span> <span class='ocrx_word' id='word_1_100' title='bbox 1034 1523 1132 1593; x_wconf 88' lang='lat' dir='ltr'><strong>putes,</strong></span> <span class='ocrx_word' id='word_1_101' title='bbox 1153 1513 1223 1573; x_wconf 90' lang='lat' dir='ltr'><strong>dum</strong></span> 
     </span>
     <span class='ocr_line' id='line_1_13' title="bbox 128 1597 1223 1680; baseline 0.012 -24"><span class='ocrx_word' id='word_1_102' title='bbox 128 1597 159 1656; x_wconf 89' lang='lat' dir='ltr'><strong>iu</strong></span> <span class='ocrx_word' id='word_1_103' title='bbox 172 1597 301 1675; x_wconf 86' lang='lat' dir='ltr'><strong>legendo</strong></span> <span class='ocrx_word' id='word_1_104' title='bbox 322 1599 460 1679; x_wconf 80' lang='lat' dir='ltr'><strong>legitimae</strong></span> <span class='ocrx_word' id='word_1_105' title='bbox 484 1601 717 1680; x_wconf 81' lang='lat' dir='ltr'><strong>pronuntiationi</strong></span> <span class='ocrx_word' id='word_1_106' title='bbox 739 1612 770 1664; x_wconf 87' lang='lat' dir='ltr'><strong>at</strong></span> <span class='ocrx_word' id='word_1_107' title='bbox 794 1605 917 1665; x_wconf 90' lang='lat' dir='ltr'><strong>sectioni</strong></span> <span class='ocrx_word' id='word_1_108' title='bbox 935 1608 965 1665; x_wconf 92' lang='lat' dir='ltr'><strong>in</strong></span> <span class='ocrx_word' id='word_1_109' title='bbox 979 1606 1156 1668; x_wconf 78' lang='lat' dir='ltr'><strong>ditrochoeos</strong></span> <span class='ocrx_word' id='word_1_110' title='bbox 1170 1610 1223 1668; x_wconf 89' lang='lat' dir='ltr'><strong>ob-</strong></span> 
     </span>
     <span class='ocr_line' id='line_1_14' title="bbox 129 1695 1224 1780; baseline 0.011 -27"><span class='ocrx_word' id='word_1_111' title='bbox 129 1703 295 1774; x_wconf 76' lang='lat' dir='ltr'><strong>temperas3</strong></span> <span class='ocrx_word' id='word_1_112' title='bbox 319 1695 344 1754; x_wconf 92' lang='lat' dir='ltr'><strong>si</strong></span> <span class='ocrx_word' id='word_1_113' title='bbox 357 1704 456 1756; x_wconf 87' lang='lat' dir='ltr'><strong>tamen</strong></span> <span class='ocrx_word' id='word_1_114' title='bbox 475 1715 592 1758; x_wconf 82' lang='lat' dir='ltr'><strong>versum</strong></span> <span class='ocrx_word' id='word_1_115' title='bbox 605 1697 643 1758; x_wconf 89' lang='grc'><strong>66</strong></span> <span class='ocrx_word' id='word_1_116' title='bbox 657 1717 743 1758; x_wconf 85' lang='lat' dir='ltr'><strong>veros</strong></span> <span class='ocrx_word' id='word_1_117' title='bbox 756 1699 849 1778; x_wconf 87' lang='lat' dir='ltr'><strong>pedes</strong></span> <span class='ocrx_word' id='word_1_118' title='bbox 863 1701 978 1780; x_wconf 87' lang='lat' dir='ltr'><strong>exigas,</strong></span> <span class='ocrx_word' id='word_1_119' title='bbox 990 1702 1101 1763; x_wconf 89' lang='lat' dir='ltr'><strong>nullam</strong></span> <span class='ocrx_word' id='word_1_120' title='bbox 1116 1703 1143 1762; x_wconf 90' lang='lat' dir='ltr'><strong>ei</strong></span> <span class='ocrx_word' id='word_1_121' title='bbox 1158 1724 1224 1765; x_wconf 92' lang='lat' dir='ltr'><strong>sus·</strong></span> 
     </span>
     <span class='ocr_line' id='line_1_15' title="bbox 128 1789 1223 1876; baseline 0.009 -26"><span class='ocrx_word' id='word_1_122' title='bbox 128 1789 274 1850; x_wconf 88' lang='lat' dir='ltr'><strong>tentando</strong></span> <span class='ocrx_word' id='word_1_123' title='bbox 287 1790 435 1852; x_wconf 82' lang='lat' dir='ltr'><strong>licentiam</strong></span> <span class='ocrx_word' id='word_1_124' title='bbox 449 1793 645 1854; x_wconf 89' lang='lat' dir='ltr'><strong>necessariam</strong></span> <span class='ocrx_word' id='word_1_125' title='bbox 668 1813 734 1855; x_wconf 88' lang='lat' dir='ltr'><strong>esse</strong></span> <span class='ocrx_word' id='word_1_126' title='bbox 755 1794 971 1876; x_wconf 86' lang='lat' dir='ltr'><strong>deprehendas.</strong></span> <span class='ocrx_word' id='word_1_127' title='bbox 1011 1797 1088 1858; x_wconf 88' lang='lat' dir='ltr'><strong>Vide</strong></span> <span class='ocrx_word' id='word_1_128' title='bbox 1103 1797 1181 1857; x_wconf 85' lang='lat' dir='ltr'><strong>And.</strong></span> <span class='ocrx_word' id='word_1_129' title='bbox 1197 1817 1223 1860; x_wconf 86' lang='lat' dir='ltr'><strong>s.</strong></span> 
     </span>
     <span class='ocr_line' id='line_1_16' title="bbox 129 1885 1222 1954; baseline 0.005 -6"><span class='ocrx_word' id='word_1_130' title='bbox 129 1891 160 1948; x_wconf 80' lang='lat'><strong>5.</strong></span> <span class='ocrx_word' id='word_1_131' title='bbox 175 1887 246 1947; x_wconf 61' lang='lat'><strong>542</strong></span> <span class='ocrx_word' id='word_1_132' title='bbox 273 1885 353 1948; x_wconf 83' lang='lat' dir='ltr'><strong>And.</strong></span> <span class='ocrx_word' id='word_1_133' title='bbox 367 1905 392 1948; x_wconf 90' lang='lat'><strong>1.</strong></span> <span class='ocrx_word' id='word_1_134' title='bbox 405 1891 436 1949; x_wconf 89' lang='lat'><strong>5.</strong></span> <span class='ocrx_word' id='word_1_135' title='bbox 453 1888 518 1948; x_wconf 70' lang='grc'><strong>14.1</strong></span> <span class='ocrx_word' id='word_1_136' title='bbox 545 1888 625 1949; x_wconf 86' lang='lat' dir='ltr'><strong>And.</strong></span> <span class='ocrx_word' id='word_1_137' title='bbox 638 1907 685 1949; x_wconf 85' lang='lat' dir='ltr'><strong>nv.</strong></span> <span class='ocrx_word' id='word_1_138' title='bbox 697 1892 725 1951; x_wconf 91' lang='lat' dir='ltr'><strong>l.</strong></span> <span class='ocrx_word' id='word_1_139' title='bbox 735 1893 786 1950; x_wconf 84' lang='lat'><strong>58.</strong></span> <span class='ocrx_word' id='word_1_140' title='bbox 811 1891 888 1952; x_wconf 88' lang='lat' dir='ltr'><strong>Eun.</strong></span> <span class='ocrx_word' id='word_1_141' title='bbox 899 1911 957 1953; x_wconf 92' lang='lat'><strong>111.</strong></span> <span class='ocrx_word' id='word_1_142' title='bbox 968 1895 998 1953; x_wconf 87' lang='grc'><strong>5.</strong></span> <span class='ocrx_word' id='word_1_143' title='bbox 1012 1894 1059 1953; x_wconf 78' lang='lat'><strong>12.</strong></span> <span class='ocrx_word' id='word_1_144' title='bbox 1085 1893 1162 1954; x_wconf 82' lang='lat' dir='ltr'><strong>Eun.</strong></span> <span class='ocrx_word' id='word_1_145' title='bbox 1175 1915 1222 1954; x_wconf 83' lang='lat' dir='ltr'><strong>nv.</strong></span> 
     </span>
     <span class='ocr_line' id='line_1_17' title="bbox 131 1982 1226 2051; baseline 0.008 -9"><span class='ocrx_word' id='word_1_146' title='bbox 131 1985 159 2042; x_wconf 84' lang='grc'><strong>3.</strong></span> <span class='ocrx_word' id='word_1_147' title='bbox 174 1984 225 2043; x_wconf 77' lang='lat'><strong>23.</strong></span> <span class='ocrx_word' id='word_1_148' title='bbox 239 1991 270 2042; x_wconf 90' lang='lat' dir='ltr'><strong>et</strong></span> <span class='ocrx_word' id='word_1_149' title='bbox 282 1985 312 2043; x_wconf 90' lang='lat'><strong>4.</strong></span> <span class='ocrx_word' id='word_1_150' title='bbox 327 1982 374 2042; x_wconf 75' lang='grc'><strong>6.’</strong></span> <span class='ocrx_word' id='word_1_151' title='bbox 402 1984 480 2044; x_wconf 83' lang='lat' dir='ltr'><strong>Eun.</strong></span> <span class='ocrx_word' id='word_1_152' title='bbox 495 2002 528 2045; x_wconf 82' lang='lat' dir='ltr'><strong>v.</strong></span> <span class='ocrx_word' id='word_1_153' title='bbox 545 1985 572 2044; x_wconf 87' lang='lat'><strong>1.</strong></span> <span class='ocrx_word' id='word_1_154' title='bbox 589 1983 653 2044; x_wconf 73' lang='lat' dir='ltr'><strong>la·</strong></span> <span class='ocrx_word' id='word_1_155' title='bbox 682 1983 793 2046; x_wconf 90' lang='lat' dir='ltr'><strong>Heaut.</strong></span> <span class='ocrx_word' id='word_1_156' title='bbox 808 2005 865 2048; x_wconf 80' lang='grc' dir='ltr'><strong>ιιι.</strong></span> <span class='ocrx_word' id='word_1_157' title='bbox 889 1989 916 2046; x_wconf 92' lang='grc'><strong>1.</strong></span> <span class='ocrx_word' id='word_1_158' title='bbox 932 1988 979 2047; x_wconf 66' lang='grc'><strong>6.*</strong></span> <span class='ocrx_word' id='word_1_159' title='bbox 1007 1987 1119 2050; x_wconf 84' lang='lat' dir='ltr'><strong>Heaut.</strong></span> <span class='ocrx_word' id='word_1_160' title='bbox 1140 2007 1171 2048; x_wconf 85' lang='lat' dir='ltr'><strong>v.</strong></span> <span class='ocrx_word' id='word_1_161' title='bbox 1197 1992 1226 2051; x_wconf 81' lang='lat' dir='ltr'><strong>l.</strong></span> 
     </span>
     <span class='ocr_line' id='line_1_18' title="bbox 129 2077 1225 2146; baseline 0.008 -9"><span class='ocrx_word' id='word_1_162' title='bbox 129 2079 196 2138; x_wconf 60' lang='lat'><strong>50!</strong></span> <span class='ocrx_word' id='word_1_163' title='bbox 225 2077 302 2138; x_wconf 89' lang='lat' dir='ltr'><strong>Hec.</strong></span> <span class='ocrx_word' id='word_1_164' title='bbox 318 2095 366 2138; x_wconf 82' lang='lat' dir='ltr'><strong>rr.</strong></span> <span class='ocrx_word' id='word_1_165' title='bbox 384 2081 411 2138; x_wconf 89' lang='lat' dir='ltr'><strong>l.</strong></span> <span class='ocrx_word' id='word_1_166' title='bbox 424 2081 475 2139; x_wconf 85' lang='grc'><strong>46.</strong></span> <span class='ocrx_word' id='word_1_167' title='bbox 502 2078 579 2140; x_wconf 86' lang='grc' dir='ltr'><strong>Η66.</strong></span> <span class='ocrx_word' id='word_1_168' title='bbox 593 2097 641 2138; x_wconf 85' lang='lat' dir='ltr'><strong>rv.</strong></span> <span class='ocrx_word' id='word_1_169' title='bbox 656 2082 685 2140; x_wconf 73' lang='lat'><strong>2.</strong></span> <span class='ocrx_word' id='word_1_170' title='bbox 700 2081 768 2139; x_wconf 58' lang='lat'><strong>29?</strong></span> <span class='ocrx_word' id='word_1_171' title='bbox 793 2079 915 2142; x_wconf 85' lang='lat' dir='ltr'><strong>Phorm.</strong></span> <span class='ocrx_word' id='word_1_172' title='bbox 929 2101 953 2141; x_wconf 92' lang='lat'><strong>1.</strong></span> <span class='ocrx_word' id='word_1_173' title='bbox 968 2085 997 2143; x_wconf 72' lang='lat'><strong>2.</strong></span> <span class='ocrx_word' id='word_1_174' title='bbox 1009 2083 1076 2145; x_wconf 63' lang='grc'><strong>963</strong></span> <span class='ocrx_word' id='word_1_175' title='bbox 1103 2083 1225 2146; x_wconf 82' lang='lat' dir='ltr'><strong>Pborm.</strong></span> 
     </span>
     <span class='ocr_line' id='line_1_19' title="bbox 131 2172 1225 2256; baseline 0.005 -23"><span class='ocrx_word' id='word_1_176' title='bbox 131 2191 186 2234; x_wconf 80' lang='lat'><strong>111.</strong></span> <span class='ocrx_word' id='word_1_177' title='bbox 204 2174 232 2231; x_wconf 86' lang='lat' dir='ltr'><strong>l.</strong></span> <span class='ocrx_word' id='word_1_178' title='bbox 249 2173 296 2232; x_wconf 89' lang='grc'><strong>16.</strong></span> <span class='ocrx_word' id='word_1_179' title='bbox 325 2172 445 2234; x_wconf 88' lang='lat' dir='ltr'><strong>Phorm.</strong></span> <span class='ocrx_word' id='word_1_180' title='bbox 460 2194 517 2234; x_wconf 84' lang='lat'><strong>111.</strong></span> <span class='ocrx_word' id='word_1_181' title='bbox 531 2177 561 2233; x_wconf 79' lang='lat'><strong>2.</strong></span> <span class='ocrx_word' id='word_1_182' title='bbox 576 2179 627 2236; x_wconf 83' lang='lat'><strong>44.</strong></span> <span class='ocrx_word' id='word_1_183' title='bbox 669 2175 745 2245; x_wconf 83' lang='lat' dir='ltr'><strong>Quae</strong></span> <span class='ocrx_word' id='word_1_184' title='bbox 766 2195 834 2236; x_wconf 89' lang='lat' dir='ltr'><strong>cum</strong></span> <span class='ocrx_word' id='word_1_185' title='bbox 847 2177 989 2256; x_wconf 86' lang='lat' dir='ltr'><strong>recogito,</strong></span> <span class='ocrx_word' id='word_1_186' title='bbox 1003 2179 1225 2239; x_wconf 86' lang='lat' dir='ltr'><strong>Terentiumad</strong></span> 
     </span>
     <span class='ocr_line' id='line_1_20' title="bbox 128 2269 1223 2350; baseline 0.003 -22"><span class='ocrx_word' id='word_1_187' title='bbox 128 2287 212 2328; x_wconf 85' lang='lat' dir='ltr'><strong>veras</strong></span> <span class='ocrx_word' id='word_1_188' title='bbox 222 2287 329 2328; x_wconf 83' lang='lat' dir='ltr'><strong>vocum</strong></span> <span class='ocrx_word' id='word_1_189' title='bbox 341 2269 520 2349; x_wconf 80' lang='lat' dir='ltr'><strong>quantitates</strong></span> <span class='ocrx_word' id='word_1_190' title='bbox 535 2271 629 2348; x_wconf 87' lang='lat' dir='ltr'><strong>magis</strong></span> <span class='ocrx_word' id='word_1_191' title='bbox 643 2287 732 2349; x_wconf 87' lang='lat' dir='ltr'><strong>quam</strong></span> <span class='ocrx_word' id='word_1_192' title='bbox 743 2269 781 2330; x_wconf 97' lang='grc'><strong>66</strong></span> <span class='ocrx_word' id='word_1_193' title='bbox 793 2271 1003 2350; x_wconf 87' lang='lat' dir='ltr'><strong>pronuntiandi</strong></span> <span class='ocrx_word' id='word_1_194' title='bbox 1016 2273 1145 2333; x_wconf 87' lang='lat' dir='ltr'><strong>rationes</strong></span> <span class='ocrx_word' id='word_1_195' title='bbox 1161 2273 1223 2332; x_wconf 89' lang='lat' dir='ltr'><strong>aui·</strong></span> 
     </span>
     <span class='ocr_line' id='line_1_21' title="bbox 130 2364 1224 2446; baseline 0.003 -22"><span class='ocrx_word' id='word_1_196' title='bbox 130 2383 209 2424; x_wconf 89' lang='lat' dir='ltr'><strong>mum</strong></span> <span class='ocrx_word' id='word_1_197' title='bbox 222 2364 254 2424; x_wconf 93' lang='lat' dir='ltr'><strong>in</strong></span> <span class='ocrx_word' id='word_1_198' title='bbox 268 2365 400 2443; x_wconf 89' lang='lat' dir='ltr'><strong>pluribus</strong></span> <span class='ocrx_word' id='word_1_199' title='bbox 414 2365 575 2426; x_wconf 81' lang='lat' dir='ltr'><strong>advertisse</strong></span> <span class='ocrx_word' id='word_1_200' title='bbox 587 2365 726 2433; x_wconf 77' lang='lat' dir='ltr'><strong>arbitror:</strong></span> <span class='ocrx_word' id='word_1_201' title='bbox 742 2364 867 2445; x_wconf 88' lang='lat' dir='ltr'><strong>ideoque</strong></span> <span class='ocrx_word' id='word_1_202' title='bbox 880 2375 961 2426; x_wconf 83' lang='lat' dir='ltr'><strong>muto</strong></span> <span class='ocrx_word' id='word_1_203' title='bbox 970 2367 1033 2446; x_wconf 87' lang='lat' dir='ltr'><strong>jam</strong></span> <span class='ocrx_word' id='word_1_204' title='bbox 1047 2367 1224 2428; x_wconf 86' lang='lat' dir='ltr'><strong>sententiam</strong></span> 
     </span>
     <span class='ocr_line' id='line_1_22' title="bbox 131 2458 1227 2544; baseline 0.005 -27"><span class='ocrx_word' id='word_1_205' title='bbox 131 2458 162 2518; x_wconf 88' lang='lat' dir='ltr'><strong>in</strong></span> <span class='ocrx_word' id='word_1_206' title='bbox 182 2460 218 2519; x_wconf 89' lang='lat' dir='ltr'><strong>iis</strong></span> <span class='ocrx_word' id='word_1_207' title='bbox 242 2479 279 2519; x_wconf 86' lang='lat' dir='ltr'><strong>ex</strong></span> <span class='ocrx_word' id='word_1_208' title='bbox 299 2459 374 2521; x_wconf 90' lang='lat' dir='ltr'><strong>locis</strong></span> <span class='ocrx_word' id='word_1_209' title='bbox 398 2459 539 2533; x_wconf 89' lang='lat' dir='ltr'><strong>laudatis,</strong></span> <span class='ocrx_word' id='word_1_210' title='bbox 561 2461 668 2540; x_wconf 90' lang='lat' dir='ltr'><strong>quibus</strong></span> <span class='ocrx_word' id='word_1_211' title='bbox 690 2461 808 2542; x_wconf 90' lang='lat' dir='ltr'><strong>signum</strong></span> <span class='ocrx_word' id='word_1_212' title='bbox 832 2461 919 2522; x_wconf 85' lang='lat' dir='ltr'><strong>hoc&#39;</strong></span> <span class='ocrx_word' id='word_1_213' title='bbox 934 2461 1068 2544; x_wconf 87' lang='lat' dir='ltr'><strong>apposui,</strong></span> <span class='ocrx_word' id='word_1_214' title='bbox 1082 2472 1227 2523; x_wconf 87' lang='lat' dir='ltr'><strong>eteorum</strong></span> 
     </span>
     <span class='ocr_line' id='line_1_23' title="bbox 132 2553 1227 2635; baseline 0.004 -21"><span class='ocrx_word' id='word_1_215' title='bbox 132 2553 279 2614; x_wconf 85' lang='lat' dir='ltr'><strong>sectiones</strong></span> <span class='ocrx_word' id='word_1_216' title='bbox 293 2554 332 2614; x_wconf 89' lang='lat' dir='ltr'><strong>ad</strong></span> <span class='ocrx_word' id='word_1_217' title='bbox 346 2574 430 2615; x_wconf 78' lang='lat' dir='ltr'><strong>veras</strong></span> <span class='ocrx_word' id='word_1_218' title='bbox 443 2557 596 2617; x_wconf 87' lang='lat' dir='ltr'><strong>verborum</strong></span> <span class='ocrx_word' id='word_1_219' title='bbox 618 2557 800 2635; x_wconf 87' lang='lat' dir='ltr'><strong>quantitates</strong></span> <span class='ocrx_word' id='word_1_220' title='bbox 824 2556 927 2635; x_wconf 86' lang='lat' dir='ltr'><strong>refingi</strong></span> <span class='ocrx_word' id='word_1_221' title='bbox 945 2555 1044 2628; x_wconf 83' lang='lat' dir='ltr'><strong>velim,</strong></span> <span class='ocrx_word' id='word_1_222' title='bbox 1066 2567 1170 2618; x_wconf 80' lang='lat' dir='ltr'><strong>eontm</strong></span> <span class='ocrx_word' id='word_1_223' title='bbox 1190 2577 1227 2618; x_wconf 90' lang='lat' dir='ltr'><strong>ac</strong></span> 
     </span>
    </p>
   </div>
   <div class='ocr_carea' id='block_1_3' title="bbox 129 2650 1303 4260">
    <p class='ocr_par' dir='ltr' id='par_1_5' title="bbox 131 2650 1225 2806">
     <span class='ocr_line' id='line_1_24' title="bbox 131 2650 1225 2731; baseline 0.003 -23"><span class='ocrx_word' id='word_1_224' title='bbox 131 2650 282 2729; x_wconf 81' lang='lat' dir='ltr'><strong>putabam,</strong></span> <span class='ocrx_word' id='word_1_225' title='bbox 296 2669 363 2710; x_wconf 89' lang='lat' dir='ltr'><strong>curu</strong></span> <span class='ocrx_word' id='word_1_226' title='bbox 377 2663 463 2712; x_wconf 89' lang='lat' dir='ltr'><strong>notas</strong></span> <span class='ocrx_word' id='word_1_227' title='bbox 477 2651 517 2712; x_wconf 90' lang='lat' dir='ltr'><strong>ad</strong></span> <span class='ocrx_word' id='word_1_228' title='bbox 530 2671 567 2714; x_wconf 89' lang='lat' dir='ltr'><strong>ea</strong></span> <span class='ocrx_word' id='word_1_229' title='bbox 581 2653 748 2728; x_wconf 84' lang='lat' dir='ltr'><strong>scriberem,</strong></span> <span class='ocrx_word' id='word_1_230' title='bbox 761 2652 908 2713; x_wconf 89' lang='lat' dir='ltr'><strong>Plautinis</strong></span> <span class='ocrx_word' id='word_1_231' title='bbox 921 2651 1048 2714; x_wconf 88' lang='lat' dir='ltr'><strong>licentiis</strong></span> <span class='ocrx_word' id='word_1_232' title='bbox 1062 2672 1148 2731; x_wconf 79' lang='lat' dir='ltr'><strong>aequo</strong></span> <span class='ocrx_word' id='word_1_233' title='bbox 1163 2663 1225 2712; x_wconf 87' lang='lat' dir='ltr'><strong>tum</strong></span> 
     </span>
     <span class='ocr_line' id='line_1_25' title="bbox 133 2744 379 2806; baseline 0.008 -2"><span class='ocrx_word' id='word_1_234' title='bbox 133 2745 208 2806; x_wconf 78' lang='lat' dir='ltr'><strong>forte</strong></span> <span class='ocrx_word' id='word_1_235' title='bbox 222 2744 379 2806; x_wconf 88' lang='lat' dir='ltr'><strong>addictior.</strong></span> 
     </span>
    </p>

    <p class='ocr_par' dir='ltr' id='par_1_6' title="bbox 129 2839 1303 4260">
     <span class='ocr_line' id='line_1_26' title="bbox 171 2839 1227 2922; baseline 0 -22"><span class='ocrx_word' id='word_1_236' title='bbox 171 2839 232 2900; x_wconf 88' lang='lat' dir='ltr'><strong>Sed</strong></span> <span class='ocrx_word' id='word_1_237' title='bbox 246 2849 277 2900; x_wconf 90' lang='lat' dir='ltr'><strong>et</strong></span> <span class='ocrx_word' id='word_1_238' title='bbox 292 2839 354 2920; x_wconf 86' lang='lat' dir='ltr'><strong>ipse</strong></span> <span class='ocrx_word' id='word_1_239' title='bbox 368 2860 486 2922; x_wconf 87' lang='lat' dir='ltr'><strong>quoque</strong></span> <span class='ocrx_word' id='word_1_240' title='bbox 499 2841 655 2902; x_wconf 86' lang='lat' dir='ltr'><strong>Terentius</strong></span> <span class='ocrx_word' id='word_1_241' title='bbox 669 2841 700 2900; x_wconf 90' lang='lat' dir='ltr'><strong>in</strong></span> <span class='ocrx_word' id='word_1_242' title='bbox 715 2859 816 2900; x_wconf 86' lang='lat' dir='ltr'><strong>earum</strong></span> <span class='ocrx_word' id='word_1_243' title='bbox 829 2859 888 2900; x_wconf 85' lang='lat' dir='ltr'><strong>usu</strong></span> <span class='ocrx_word' id='word_1_244' title='bbox 901 2840 1008 2899; x_wconf 88' lang='lat' dir='ltr'><strong>nimius</strong></span> <span class='ocrx_word' id='word_1_245' title='bbox 1021 2839 1168 2902; x_wconf 86' lang='lat' dir='ltr'><strong>videbitur</strong></span> <span class='ocrx_word' id='word_1_246' title='bbox 1180 2840 1227 2913; x_wconf 89' lang='lat' dir='ltr'><strong>iis,</strong></span> 
     </span>
     <span class='ocr_line' id='line_1_27' title="bbox 132 2934 1229 3016; baseline 0 -22"><span class='ocrx_word' id='word_1_247' title='bbox 132 2935 183 3013; x_wconf 90' lang='lat' dir='ltr'><strong>qui</strong></span> <span class='ocrx_word' id='word_1_248' title='bbox 197 2935 284 2994; x_wconf 81' lang='lat' dir='ltr'><strong>novis</strong></span> <span class='ocrx_word' id='word_1_249' title='bbox 297 2934 393 2996; x_wconf 87' lang='lat' dir='ltr'><strong>solum</strong></span> <span class='ocrx_word' id='word_1_250' title='bbox 406 2937 554 3016; x_wconf 76' lang='lat' dir='ltr'><strong>Augustei</strong></span> <span class='ocrx_word' id='word_1_251' title='bbox 575 2937 678 2998; x_wconf 83' lang='lat' dir='ltr'><strong>saeouli</strong></span> <span class='ocrx_word' id='word_1_252' title='bbox 698 2937 793 3016; x_wconf 76' lang='lat' dir='ltr'><strong>politis</strong></span> <span class='ocrx_word' id='word_1_253' title='bbox 806 2935 940 3016; x_wconf 89' lang='lat' dir='ltr'><strong>legendis</strong></span> <span class='ocrx_word' id='word_1_254' title='bbox 956 2937 1149 3008; x_wconf 87' lang='lat' dir='ltr'><strong>assueverint,</strong></span> <span class='ocrx_word' id='word_1_255' title='bbox 1163 2936 1229 2995; x_wconf 91' lang='lat' dir='ltr'><strong>nul·</strong></span> 
     </span>
     <span class='ocr_line' id='line_1_28' title="bbox 132 3029 1227 3113; baseline 0.002 -25"><span class='ocrx_word' id='word_1_256' title='bbox 132 3029 193 3090; x_wconf 90' lang='lat' dir='ltr'><strong>lum</strong></span> <span class='ocrx_word' id='word_1_257' title='bbox 206 3049 276 3090; x_wconf 84' lang='lat' dir='ltr'><strong>sero</strong></span> <span class='ocrx_word' id='word_1_258' title='bbox 289 3029 319 3089; x_wconf 89' lang='lat' dir='ltr'><strong>iu</strong></span> <span class='ocrx_word' id='word_1_259' title='bbox 333 3031 487 3092; x_wconf 85' lang='lat' dir='ltr'><strong>Veteribus</strong></span> <span class='ocrx_word' id='word_1_260' title='bbox 508 3033 591 3094; x_wconf 90' lang='lat' dir='ltr'><strong>hisce</strong></span> <span class='ocrx_word' id='word_1_261' title='bbox 615 3033 750 3113; x_wconf 86' lang='lat' dir='ltr'><strong>legendis</strong></span> <span class='ocrx_word' id='word_1_262' title='bbox 771 3042 888 3112; x_wconf 87' lang='lat' dir='ltr'><strong>ternpus</strong></span> <span class='ocrx_word' id='word_1_263' title='bbox 911 3032 1073 3113; x_wconf 89' lang='lat' dir='ltr'><strong>posuerint.</strong></span> <span class='ocrx_word' id='word_1_264' title='bbox 1113 3032 1160 3091; x_wconf 84' lang='lat' dir='ltr'><strong>Ab</strong></span> <span class='ocrx_word' id='word_1_265' title='bbox 1180 3031 1227 3090; x_wconf 88' lang='lat' dir='ltr'><strong>his</strong></span> 
     </span>
     <span class='ocr_line' id='line_1_29' title="bbox 130 3127 1227 3209; baseline 0 -22"><span class='ocrx_word' id='word_1_266' title='bbox 130 3138 291 3206; x_wconf 87' lang='lat' dir='ltr'><strong>quaeretur,</strong></span> <span class='ocrx_word' id='word_1_267' title='bbox 304 3147 358 3187; x_wconf 91' lang='lat' dir='ltr'><strong>cur</strong></span> <span class='ocrx_word' id='word_1_268' title='bbox 371 3147 430 3188; x_wconf 87' lang='lat' dir='ltr'><strong>non</strong></span> <span class='ocrx_word' id='word_1_269' title='bbox 444 3129 600 3190; x_wconf 88' lang='lat' dir='ltr'><strong>Terentius</strong></span> <span class='ocrx_word' id='word_1_270' title='bbox 621 3130 746 3191; x_wconf 88' lang='lat' dir='ltr'><strong>eandem</strong></span> <span class='ocrx_word' id='word_1_271' title='bbox 766 3129 796 3188; x_wconf 88' lang='lat' dir='ltr'><strong>in</strong></span> <span class='ocrx_word' id='word_1_272' title='bbox 816 3129 944 3190; x_wconf 86' lang='lat' dir='ltr'><strong>numeria</strong></span> <span class='ocrx_word' id='word_1_273' title='bbox 957 3127 1114 3209; x_wconf 86' lang='lat' dir='ltr'><strong>puritatem</strong></span> <span class='ocrx_word' id='word_1_274' title='bbox 1128 3145 1227 3188; x_wconf 82' lang='lat' dir='ltr'><strong>serva·</strong></span> 
     </span>
     <span class='ocr_line' id='line_1_30' title="bbox 134 3221 1228 3303; baseline 0.003 -22"><span class='ocrx_word' id='word_1_275' title='bbox 134 3222 217 3296; x_wconf 85' lang='lat' dir='ltr'><strong>serit,</strong></span> <span class='ocrx_word' id='word_1_276' title='bbox 231 3241 268 3283; x_wconf 85' lang='lat' dir='ltr'><strong>ac</strong></span> <span class='ocrx_word' id='word_1_277' title='bbox 281 3221 380 3284; x_wconf 77' lang='lat' dir='ltr'><strong>Graeci</strong></span> <span class='ocrx_word' id='word_1_278' title='bbox 392 3225 424 3283; x_wconf 92' lang='lat' dir='ltr'><strong>in</strong></span> <span class='ocrx_word' id='word_1_279' title='bbox 437 3224 500 3284; x_wconf 89' lang='lat' dir='ltr'><strong>suis</strong></span> <span class='ocrx_word' id='word_1_280' title='bbox 514 3225 685 3298; x_wconf 86' lang='lat' dir='ltr'><strong>Comoediis,</strong></span> <span class='ocrx_word' id='word_1_281' title='bbox 708 3234 761 3286; x_wconf 92' lang='lat' dir='ltr'><strong>aut</strong></span> <span class='ocrx_word' id='word_1_282' title='bbox 773 3225 869 3286; x_wconf 88' lang='lat' dir='ltr'><strong>Latini</strong></span> <span class='ocrx_word' id='word_1_283' title='bbox 885 3225 974 3284; x_wconf 89' lang='lat' dir='ltr'><strong>etiam</strong></span> <span class='ocrx_word' id='word_1_284' title='bbox 991 3223 1049 3303; x_wconf 91' lang='lat' dir='ltr'><strong>ipsi</strong></span> <span class='ocrx_word' id='word_1_285' title='bbox 1061 3225 1093 3284; x_wconf 90' lang='lat' dir='ltr'><strong>in</strong></span> <span class='ocrx_word' id='word_1_286' title='bbox 1106 3223 1228 3302; x_wconf 81' lang='lat' dir='ltr'><strong>Tragoe·</strong></span> 
     </span>
     <span class='ocr_line' id='line_1_31' title="bbox 131 3315 1229 3398; baseline 0 -21"><span class='ocrx_word' id='word_1_287' title='bbox 131 3315 191 3378; x_wconf 88' lang='lat' dir='ltr'><strong>diis</strong></span> <span class='ocrx_word' id='word_1_288' title='bbox 204 3319 428 3398; x_wconf 87' lang='lat' dir='ltr'><strong>componendis.</strong></span> <span class='ocrx_word' id='word_1_289' title='bbox 469 3321 558 3389; x_wconf 84' lang='lat' dir='ltr'><strong>Quod</strong></span> <span class='ocrx_word' id='word_1_290' title='bbox 578 3320 617 3381; x_wconf 86' lang='lat' dir='ltr'><strong>sd</strong></span> <span class='ocrx_word' id='word_1_291' title='bbox 640 3321 776 3394; x_wconf 69' lang='lat' dir='ltr'><strong>Grecos,</strong></span> <span class='ocrx_word' id='word_1_292' title='bbox 799 3321 825 3381; x_wconf 93' lang='lat' dir='ltr'><strong>si</strong></span> <span class='ocrx_word' id='word_1_293' title='bbox 840 3317 994 3380; x_wconf 87' lang='lat' dir='ltr'><strong>Terentius</strong></span> <span class='ocrx_word' id='word_1_294' title='bbox 1007 3337 1059 3379; x_wconf 89' lang='lat' dir='ltr'><strong>eos</strong></span> <span class='ocrx_word' id='word_1_295' title='bbox 1073 3335 1134 3378; x_wconf 89' lang='lat' dir='ltr'><strong>nou</strong></span> <span class='ocrx_word' id='word_1_296' title='bbox 1147 3336 1229 3378; x_wconf 86' lang='lat' dir='ltr'><strong>asse·</strong></span> 
     </span>
     <span class='ocr_line' id='line_1_32' title="bbox 131 3412 1227 3496; baseline -0.002 -22"><span class='ocrx_word' id='word_1_297' title='bbox 131 3423 222 3474; x_wconf 87' lang='lat' dir='ltr'><strong>cutus</strong></span> <span class='ocrx_word' id='word_1_298' title='bbox 235 3425 283 3474; x_wconf 86' lang='lat' dir='ltr'><strong>est</strong></span> <span class='ocrx_word' id='word_1_299' title='bbox 295 3413 353 3474; x_wconf 87' lang='lat' dir='ltr'><strong>bac</strong></span> <span class='ocrx_word' id='word_1_300' title='bbox 365 3414 397 3474; x_wconf 89' lang='lat' dir='ltr'><strong>iu</strong></span> <span class='ocrx_word' id='word_1_301' title='bbox 420 3423 515 3494; x_wconf 87' lang='lat' dir='ltr'><strong>parte,</strong></span> <span class='ocrx_word' id='word_1_302' title='bbox 535 3415 567 3475; x_wconf 92' lang='lat' dir='ltr'><strong>in</strong></span> <span class='ocrx_word' id='word_1_303' title='bbox 589 3414 653 3476; x_wconf 85' lang='lat' dir='ltr'><strong>aliis</strong></span> <span class='ocrx_word' id='word_1_304' title='bbox 677 3415 756 3476; x_wconf 86' lang='lat' dir='ltr'><strong>enim</strong></span> <span class='ocrx_word' id='word_1_305' title='bbox 776 3435 837 3475; x_wconf 91' lang='lat' dir='ltr'><strong>non</strong></span> <span class='ocrx_word' id='word_1_306' title='bbox 849 3433 915 3476; x_wconf 86' lang='lat' dir='ltr'><strong>raro</strong></span> <span class='ocrx_word' id='word_1_307' title='bbox 930 3413 1089 3496; x_wconf 83' lang='lat' dir='ltr'><strong>superarit,</strong></span> <span class='ocrx_word' id='word_1_308' title='bbox 1108 3412 1140 3473; x_wconf 91' lang='lat' dir='ltr'><strong>id</strong></span> <span class='ocrx_word' id='word_1_309' title='bbox 1166 3431 1227 3472; x_wconf 90' lang='lat' dir='ltr'><strong>non</strong></span> 
     </span>
     <span class='ocr_line' id='line_1_33' title="bbox 131 3508 1303 3590; baseline 0.01 -23"><span class='ocrx_word' id='word_1_310' title='bbox 131 3509 232 3589; x_wconf 65' lang='lat' dir='ltr'><strong>polite</strong></span> <span class='ocrx_word' id='word_1_311' title='bbox 246 3508 299 3568; x_wconf 88' lang='lat' dir='ltr'><strong>sed</strong></span> <span class='ocrx_word' id='word_1_312' title='bbox 312 3509 423 3588; x_wconf 78' lang='lat' dir='ltr'><strong>lingum</strong></span> <span class='ocrx_word' id='word_1_313' title='bbox 438 3509 528 3590; x_wconf 84' lang='lat' dir='ltr'><strong>culpa</strong></span> <span class='ocrx_word' id='word_1_314' title='bbox 541 3510 603 3570; x_wconf 89' lang='lat' dir='ltr'><strong>beri</strong></span> <span class='ocrx_word' id='word_1_315' title='bbox 621 3521 705 3590; x_wconf 88' lang='lat' dir='ltr'><strong>puto,</strong></span> <span class='ocrx_word' id='word_1_316' title='bbox 727 3531 794 3590; x_wconf 79' lang='lat' dir='ltr'><strong>quar</strong></span> <span class='ocrx_word' id='word_1_317' title='bbox 808 3523 870 3572; x_wconf 91' lang='lat' dir='ltr'><strong>tarn</strong></span> <span class='ocrx_word' id='word_1_318' title='bbox 884 3509 968 3582; x_wconf 86' lang='lat' dir='ltr'><strong>dura,</strong></span> <span class='ocrx_word' id='word_1_319' title='bbox 982 3520 1042 3570; x_wconf 87' lang='lat' dir='ltr'><strong>tam</strong></span> <span class='ocrx_word' id='word_1_320' title='bbox 1056 3525 1171 3587; x_wconf 66' lang='lat' dir='ltr'><strong>aspera.</strong></span> <span class='ocrx_word' id='word_1_321' title='bbox 1185 3515 1231 3566; x_wconf 74' lang='grc' dir='ltr'><strong>ῐῡῑ</strong></span> <span class='ocrx_word' id='word_1_322' title='bbox 1253 3531 1258 3538; x_wconf 87' lang='grc'><em>·</em></span> <span class='ocrx_word' id='word_1_323' title='bbox 1302 3533 1303 3537; x_wconf 76' lang='grc'>’</span> 
     </span>
     <span class='ocr_line' id='line_1_34' title="bbox 131 3601 1229 3685; baseline -0.005 -21"><span class='ocrx_word' id='word_1_324' title='bbox 131 3603 275 3666; x_wconf 87' lang='lat' dir='ltr'><strong>consonis</strong></span> <span class='ocrx_word' id='word_1_325' title='bbox 289 3604 423 3677; x_wconf 86' lang='lat' dir='ltr'><strong>obsessa,</strong></span> <span class='ocrx_word' id='word_1_326' title='bbox 444 3615 491 3666; x_wconf 91' lang='lat' dir='ltr'><strong>tot</strong></span> <span class='ocrx_word' id='word_1_327' title='bbox 509 3605 684 3666; x_wconf 86' lang='lat' dir='ltr'><strong>elisionibus</strong></span> <span class='ocrx_word' id='word_1_328' title='bbox 707 3607 845 3680; x_wconf 85' lang='lat' dir='ltr'><strong>obnoxia,</strong></span> <span class='ocrx_word' id='word_1_329' title='bbox 868 3615 913 3678; x_wconf 90' lang='lat' dir='ltr'><strong>ut,</strong></span> <span class='ocrx_word' id='word_1_330' title='bbox 936 3604 1016 3685; x_wconf 87' lang='lat' dir='ltr'><strong>quod</strong></span> <span class='ocrx_word' id='word_1_331' title='bbox 1031 3601 1229 3672; x_wconf 89' lang='lat' dir='ltr'><strong>Quintilianus</strong></span> 
     </span>
     <span class='ocr_line' id='line_1_35' title="bbox 132 3696 1230 3782; baseline -0.003 -23"><span class='ocrx_word' id='word_1_332' title='bbox 132 3697 221 3774; x_wconf 86' lang='lat' dir='ltr'><strong>dixit,</strong></span> <span class='ocrx_word' id='word_1_333' title='bbox 234 3701 358 3760; x_wconf 82' lang='lat' dir='ltr'><strong>‘Sermo</strong></span> <span class='ocrx_word' id='word_1_334' title='bbox 370 3699 433 3780; x_wconf 88' lang='lat' dir='ltr'><strong>ipse</strong></span> <span class='ocrx_word' id='word_1_335' title='bbox 446 3700 600 3762; x_wconf 84' lang='lat' dir='ltr'><strong>Romanus</strong></span> <span class='ocrx_word' id='word_1_336' title='bbox 620 3721 682 3762; x_wconf 89' lang='lat' dir='ltr'><strong>non</strong></span> <span class='ocrx_word' id='word_1_337' title='bbox 700 3703 830 3782; x_wconf 87' lang='lat' dir='ltr'><strong>recipere</strong></span> <span class='ocrx_word' id='word_1_338' title='bbox 843 3701 978 3762; x_wconf 82' lang='lat' dir='ltr'><strong>videatur</strong></span> <span class='ocrx_word' id='word_1_339' title='bbox 998 3699 1079 3759; x_wconf 87' lang='lat' dir='ltr'><strong>illam</strong></span> <span class='ocrx_word' id='word_1_340' title='bbox 1093 3696 1165 3756; x_wconf 91' lang='lat' dir='ltr'><strong>solis</strong></span> <span class='ocrx_word' id='word_1_341' title='bbox 1176 3697 1230 3756; x_wconf 83' lang='lat' dir='ltr'><strong>At·</strong></span> 
     </span>
     <span class='ocr_line' id='line_1_36' title="bbox 130 3791 1230 3876; baseline -0.005 -22"><span class='ocrx_word' id='word_1_342' title='bbox 130 3795 200 3854; x_wconf 86' lang='lat' dir='ltr'><strong>ticis</strong></span> <span class='ocrx_word' id='word_1_343' title='bbox 214 3813 389 3855; x_wconf 87' lang='lat' dir='ltr'><strong>concessam</strong></span> <span class='ocrx_word' id='word_1_344' title='bbox 401 3795 558 3868; x_wconf 85' lang='lat' dir='ltr'><strong>Venerem,</strong></span> <span class='ocrx_word' id='word_1_345' title='bbox 571 3795 691 3876; x_wconf 89' lang='lat' dir='ltr'><strong>quando</strong></span> <span class='ocrx_word' id='word_1_346' title='bbox 706 3815 773 3857; x_wconf 88' lang='lat' dir='ltr'><strong>eam</strong></span> <span class='ocrx_word' id='word_1_347' title='bbox 796 3816 835 3856; x_wconf 90' lang='lat' dir='ltr'><strong>ns</strong></span> <span class='ocrx_word' id='word_1_348' title='bbox 856 3795 955 3855; x_wconf 85' lang='lat' dir='ltr'><strong>Graeci</strong></span> <span class='ocrx_word' id='word_1_349' title='bbox 978 3792 1097 3872; x_wconf 88' lang='lat' dir='ltr'><strong>quidem</strong></span> <span class='ocrx_word' id='word_1_350' title='bbox 1118 3791 1148 3850; x_wconf 90' lang='lat' dir='ltr'><strong>in</strong></span> <span class='ocrx_word' id='word_1_351' title='bbox 1170 3791 1230 3850; x_wconf 87' lang='lat' dir='ltr'><strong>alio</strong></span> 
     </span>
     <span class='ocr_line' id='line_1_37' title="bbox 129 3885 1231 3972; baseline -0.004 -22"><span class='ocrx_word' id='word_1_352' title='bbox 129 3907 243 3969; x_wconf 84' lang='lat' dir='ltr'><strong>genere</strong></span> <span class='ocrx_word' id='word_1_353' title='bbox 253 3887 365 3968; x_wconf 76' lang='lat' dir='ltr'><strong>lingum</strong></span> <span class='ocrx_word' id='word_1_354' title='bbox 386 3889 565 3951; x_wconf 88' lang='lat' dir='ltr'><strong>obtinuerint</strong></span> <span class='ocrx_word' id='word_1_355' title='bbox 574 3895 594 3951; x_wconf 71' lang='grc' dir='ltr'><strong>ι’</strong></span> <span class='ocrx_word' id='word_1_356' title='bbox 612 3890 695 3972; x_wconf 93' lang='lat' dir='ltr'><strong>quod</strong></span> <span class='ocrx_word' id='word_1_357' title='bbox 706 3889 744 3951; x_wconf 89' lang='lat' dir='ltr'><strong>da</strong></span> <span class='ocrx_word' id='word_1_358' title='bbox 756 3907 942 3950; x_wconf 86' lang='lat' dir='ltr'><strong>numerorum</strong></span> <span class='ocrx_word' id='word_1_359' title='bbox 957 3897 988 3948; x_wconf 89' lang='lat' dir='ltr'><strong>et</strong></span> <span class='ocrx_word' id='word_1_360' title='bbox 1002 3905 1136 3948; x_wconf 86' lang='lat' dir='ltr'><strong>versuum</strong></span> <span class='ocrx_word' id='word_1_361' title='bbox 1150 3885 1231 3964; x_wconf 89' lang='lat' dir='ltr'><strong>apud</strong></span> 
     </span>
     <span class='ocr_line' id='line_1_38' title="bbox 130 3981 1233 4063; baseline -0.002 -19"><span class='ocrx_word' id='word_1_362' title='bbox 130 3985 259 4044; x_wconf 72' lang='lat' dir='ltr'><strong>Graecos</strong></span> <span class='ocrx_word' id='word_1_363' title='bbox 271 3983 399 4063; x_wconf 84' lang='lat' dir='ltr'><strong>puritate</strong></span> <span class='ocrx_word' id='word_1_364' title='bbox 412 3997 443 4044; x_wconf 88' lang='lat' dir='ltr'><strong>et</strong></span> <span class='ocrx_word' id='word_1_365' title='bbox 456 3986 602 4046; x_wconf 81' lang='lat' dir='ltr'><strong>suavitate</strong></span> <span class='ocrx_word' id='word_1_366' title='bbox 623 4005 685 4046; x_wconf 90' lang='lat' dir='ltr'><strong>non</strong></span> <span class='ocrx_word' id='word_1_367' title='bbox 707 3985 805 4044; x_wconf 87' lang='lat' dir='ltr'><strong>minus</strong></span> <span class='ocrx_word' id='word_1_368' title='bbox 827 4003 929 4044; x_wconf 83' lang='lat' dir='ltr'><strong>verum</strong></span> <span class='ocrx_word' id='word_1_369' title='bbox 950 3992 1007 4056; x_wconf 87' lang='lat' dir='ltr'><strong>est,</strong></span> <span class='ocrx_word' id='word_1_370' title='bbox 1022 4001 1110 4062; x_wconf 89' lang='lat' dir='ltr'><strong>quam</strong></span> <span class='ocrx_word' id='word_1_371' title='bbox 1123 3981 1160 4041; x_wconf 86' lang='lat' dir='ltr'><strong>da</strong></span> <span class='ocrx_word' id='word_1_372' title='bbox 1175 3981 1233 4042; x_wconf 86' lang='lat' dir='ltr'><strong>alia</strong></span> 
     </span>
     <span class='ocr_line' id='line_1_39' title="bbox 129 4077 1233 4162; baseline -0.004 -22"><span class='ocrx_word' id='word_1_373' title='bbox 129 4079 240 4162; x_wconf 82' lang='lat' dir='ltr'><strong>quavis</strong></span> <span class='ocrx_word' id='word_1_374' title='bbox 255 4079 419 4141; x_wconf 73' lang='lat' dir='ltr'><strong>Comoedia</strong></span> <span class='ocrx_word' id='word_1_375' title='bbox 433 4080 549 4142; x_wconf 80' lang='lat' dir='ltr'><strong>Graecas</strong></span> <span class='ocrx_word' id='word_1_376' title='bbox 562 4083 745 4158; x_wconf 69' lang='lat' dir='ltr'><strong>prestantia,</strong></span> <span class='ocrx_word' id='word_1_377' title='bbox 758 4081 838 4142; x_wconf 88' lang='lat' dir='ltr'><strong>unde</strong></span> <span class='ocrx_word' id='word_1_378' title='bbox 852 4089 937 4140; x_wconf 86' lang='lat' dir='ltr'><strong>tanta</strong></span> <span class='ocrx_word' id='word_1_379' title='bbox 950 4079 1007 4140; x_wconf 88' lang='lat' dir='ltr'><strong>illis</strong></span> <span class='ocrx_word' id='word_1_380' title='bbox 1022 4097 1111 4158; x_wconf 86' lang='lat' dir='ltr'><strong>quam</strong></span> <span class='ocrx_word' id='word_1_381' title='bbox 1123 4077 1233 4138; x_wconf 85' lang='lat' dir='ltr'><strong>miron·</strong></span> 
     </span>
     <span class='ocr_line' id='line_1_40' title="bbox 129 4175 1234 4260; baseline -0.006 -22"><span class='ocrx_word' id='word_1_382' title='bbox 129 4191 182 4239; x_wconf 89' lang='lat' dir='ltr'><strong>tur</strong></span> <span class='ocrx_word' id='word_1_383' title='bbox 194 4195 300 4240; x_wconf 87' lang='lat' dir='ltr'><strong>omncs</strong></span> <span class='ocrx_word' id='word_1_384' title='bbox 320 4175 473 4237; x_wconf 83' lang='lat' dir='ltr'><strong>venustas.</strong></span> <span class='ocrx_word' id='word_1_385' title='bbox 514 4177 604 4248; x_wconf 87' lang='lat' dir='ltr'><strong>Quod</strong></span> <span class='ocrx_word' id='word_1_386' title='bbox 624 4175 884 4260; x_wconf 83' lang='lat' dir='ltr'><strong>raro-Tragoedias</strong></span> <span class='ocrx_word' id='word_1_387' title='bbox 905 4175 1024 4238; x_wconf 86' lang='lat' dir='ltr'><strong>Latinas</strong></span> <span class='ocrx_word' id='word_1_388' title='bbox 1052 4183 1177 4254; x_wconf 87' lang='lat' dir='ltr'><strong>spectat,</strong></span> <span class='ocrx_word' id='word_1_389' title='bbox 1197 4191 1234 4249; x_wconf 81' lang='lat' dir='ltr'><strong>ax</strong></span> 
     </span>
    </p>
   </div>
   <div class='ocr_carea' id='block_1_4' title="bbox 0 0 1492 4890">
    <p class='ocr_par' dir='ltr' id='par_1_7' title="bbox 0 0 1492 4890">
     <span class='ocr_line' id='line_1_41' title="bbox 0 0 1492 4890; baseline 0 0"><span class='ocrx_word' id='word_1_390' title='bbox 0 0 1492 4890; x_wconf 95' lang='lat' dir='ltr'><strong> </strong></span> 
     </span>
    </p>
   </div>
  </div>
 </body>
</html>
