2948 4890
241 394 285 462 76
658 415 707 464 na
729 403 920 466 canarno.

242 552 437 614 Pauloaltlus
453 553 604 616 ridebatur
618 556 677 616 inre
690 577 789 619 scenas
808 561 933 638 porticu,
947 561 976 620 in
997 580 1057 640 qna
1075 572 1206 624 actorum
1232 563 1335 625 domos

242 649 422 710 constitutas
435 670 501 710 esse
516 650 706 712 dicebamus:
728 653 766 714 ad
782 655 859 715 idem
880 656 984 716 leniter
1006 658 1209 719 ascendebant
1223 673 1337 722 actores

242 746 472 824 pronuntiaturi:
493 748 574 807 haud
593 769 679 828 aeque
695 750 815 830 longum
840 753 896 812 luit
918 763 1008 833 atque
1032 755 1098 834 ipse
1121 774 1221 830 mena,
1245 757 1337 818 slturn

242 852 358 902 tantum
373 854 436 902 erat
449 842 540 922 pedes
560 845 700 924 quinque,
724 858 767 918 ut,
782 847 871 926 quiin
887 849 1038 909 orchestra
1051 851 1198 923 sederent,
1223 853 1338 914 facilius

243 938 352 1018 pedum
380 940 523 1000 motiones
548 950 578 1000 et
602 941 736 1020 singulos
764 944 916 1021 agentium
941 955 1043 1024 gestus
1068 950 1260 1026 perciperent.
1305 949 1338 1008 ld

243 1037 380 1116 epatium,
401 1035 482 1116 quod
504 1037 673 1116 utrinquen
696 1037 809 1117 pulpito
832 1040 870 1100 ad
895 1051 1055 1102 extremam
1078 1063 1197 1102 scenam
1212 1063 1338 1104 vacuum

243 1133 473 1214 relinquebatur,
489 1133 588 1194 Graeci
598 1135 746 1194 vocabant
757 1135 961 1210 Prosceniom,
971 1157 1008 1196 ne
1019 1138 1085 1216 quis
1093 1138 1240 1200 existimet
1248 1141 1340 1202 fnisse

244 1251 342 1292 scenas
357 1230 461 1292 latera.
504 1231 642 1291 Periacta
655 1243 799 1292 vocarunt
813 1231 912 1292 Graeci
930 1233 959 1292 in
975 1235 1072 1293 scenis
1086 1235 1148 1294 suis
1161 1245 1267 1307 torres,
1288 1247 1341 1296 ant

243 1327 406 1399 machinas,
425 1325 558 1406 trigonus
571 1325 725 1399 habentes,
746 1326 793 1388 rel
806 1328 1013 1407 triangulares,
1029 1331 1101 1390 miro
1124 1331 1247 1392 artificio
1267 1351 1339 1392 con·

245 1433 384 1496 structas,
398 1423 428 1482 io
443 1441 503 1482 nno
518 1432 607 1502 atque
622 1423 715 1484 altero
729 1443 828 1485 scenae
842 1425 934 1485 latere
949 1426 1072 1504 positas,
1091 1427 1178 1487 variis
1192 1428 1340 1490 coloribus

245 1519 409 1580 secundum
431 1519 557 1599 angulos
582 1520 748 1591 distinctae,
771 1523 942 1582 versatiles:
974 1533 1007 1582 ut
1030 1523 1107 1582 inter
1131 1526 1340 1603 spectandum,

245 1615 316 1676 duro
331 1615 421 1676 enimi
435 1615 475 1675 ad
489 1615 645 1677 histriones
659 1617 749 1698 paulo
769 1619 942 1678 attentiores
965 1629 1075 1691 essent,
1090 1621 1232 1700 paulatim
1245 1623 1341 1682 revol-

244 1722 391 1786 verentur,
405 1725 436 1773 et
448 1712 537 1774 modo
551 1716 658 1786 rubrae,
671 1714 760 1774 modo
774 1715 892 1786 virides,
902 1725 954 1776 aut
966 1715 1084 1776 alterius
1099 1717 1205 1776 coloris
1216 1737 1342 1796 appare·

245 1820 329 1870 rent:
350 1829 417 1888 quas
439 1829 486 1870 res
506 1828 566 1870 non
588 1829 710 1890 pervarn
723 1811 950 1872 oblectationem
969 1811 1171 1891 spectantibus
1190 1812 1341 1875 afferebat.

246 1905 315 1979 Hes,
336 1925 404 1966 curn
418 1907 583 1966 fabularum
597 1908 773 1967 mutationes
788 1921 873 1966 erant
885 1907 1002 1980 suturae,
1017 1926 1070 1967 sen
1086 1908 1215 1967 Deorum
1230 1908 1342 1969 adven·

246 2013 295 2062 tus
310 2023 377 2062 curn
392 2001 550 2062 tonitribus
575 2002 746 2082 repentinis,
764 2005 967 2076 versabantur,
989 2005 1200 2083 mutabantque
1213 2005 1342 2084 speciem

246 2099 407 2160 ornationis
428 2099 457 2156 in
473 2098 594 2158 lrontea.
637 2098 682 2157 Ex
706 2099 742 2158 iis
763 2099 943 2176 projectitios
968 2098 1052 2178 ignes
1074 2099 1238 2172 vibrabant,
1261 2101 1342 2160 iniis

246 2197 398 2274 fingebant
412 2195 551 2266 tonitrua,
565 2196 691 2274 pluvias,
712 2206 743 2255 et
757 2196 897 2274 quicquid
922 2195 951 2256 in
975 2195 1133 2275 Tragoedia
1147 2195 1344 2258 admiratione

247 2292 368 2370 dignum
391 2291 465 2350 luit:
496 2291 549 2351 sed
569 2291 625 2351 hoc
645 2290 770 2353 maxime
790 2295 819 2350 in
839 2291 998 2351 honorifico
1013 2303 1043 2352 et
1057 2301 1210 2352 sumtuosa
1225 2293 1343 2353 Comm-

247 2388 359 2449 diarum
388 2399 440 2447 aut
463 2386 691 2466 Tragoediarum
715 2407 832 2466 genere.
875 2387 1045 2448 Secundum
1069 2395 1215 2466 rapiam,
1236 2409 1343 2470 nempe

247 2485 396 2545 edocente
412 2486 515 2555 latera,
531 2485 634 2544 itinera
658 2493 689 2542 et
709 2482 846 2542 Versuroe
872 2493 1075 2562 procurrentes
1100 2495 1194 2556 erant,
1218 2505 1343 2564 quarum

247 2601 306 2640 nna
335 2581 490 2650 efficiebat,
519 2593 552 2638 ut
578 2589 694 2638 actores
728 2597 746 2637 a
774 2577 848 2648 loro,
883 2578 985 2650 altera,
1012 2590 1046 2638 nt
1071 2599 1192 2658 peregre
1225 2582 1344 2662 prodire

248 2691 300 2740 eut
312 2679 383 2738 illuc
405 2676 521 2758 regredi
536 2676 713 2737 viderentur.
757 2677 790 2734 ln
805 2675 903 2734 media
922 2695 1014 2736 scena
1028 2677 1131 2736 Valvas
1146 2677 1250 2756 Regiae
1270 2697 1345 2738 con·

246 2778 380 2836 lormatoe
409 2785 502 2846 erant,
532 2772 612 2833 circa
638 2791 713 2850 quas
737 2771 882 2850 utrimque
905 2771 1023 2834 luerunt
1049 2773 1214 2852 composite
1233 2775 1345 2854 llospi-

247 2874 318 2933 talia
331 2893 397 2950 quae
413 2884 503 2933 vocat
516 2871 678 2940 Vitruvius,
693 2889 710 2928 e
723 2869 829 2948 quibua
845 2881 959 2928 actores
983 2869 1127 2950 prodiisse
1146 2881 1230 2948 puto.
1271 2871 1344 2932 Om-

247 2972 327 3030 nium
341 2989 508 3040 scenernm,
523 2989 597 3048 quae
618 2967 744 3027 Romani
763 2967 793 3025 in
815 2967 944 3025 Theatra
959 2985 1088 3044 unquam
1105 2977 1344 3042 construxerunt,

247 3069 335 3146 longe
351 3067 532 3126 nobilissima
545 3066 600 3124 suit
613 3085 659 3136 ea,
683 3083 771 3143 quam
787 3063 830 3121 M.
846 3064 975 3122 Scaurus
995 3062 1023 3120 in
1039 3061 1181 3122 aerlilitate
1204 3083 1258 3122 sua
1271 3083 1345 3124 ooo-

248 3163 364 3222 struxit.
406 3163 478 3220 Earn
492 3161 634 3240 triplicem
657 3159 748 3218 luisse
771 3159 860 3218 refert
874 3158 998 3227 Plinius,
1022 3157 1175 3218 altitudine
1199 3161 1268 3218 ³60.
1293 3179 1344 3219 co·

248 3259 426 3318 lamnarum.
454 3259 516 3316 lma
527 3275 595 3337 pars
614 3275 711 3316 scenae
723 3275 899 3315 marmoreos
914 3255 1018 3314 babuit
1030 3255 1167 3334 parietes,
1184 3273 1243 3313 non
1257 3255 1344 3315 facile

249 3354 370 3415 dixerim
400 3365 496 3415 sectos
525 3373 562 3434 an
592 3351 695 3413 solidis
724 3351 818 3430 glebis
841 3351 959 3430 politos.
1013 3351 1115 3410 Media
1137 3351 1192 3410 luit
1216 3371 1232 3410 e
1258 3351 1344 3422 vitro,

249 3450 382 3512 inaudito
404 3451 492 3510 etiam
514 3461 617 3529 postea
630 3467 738 3530 genere
753 3448 885 3506 luxuriae.
928 3448 1058 3506 Summae
1074 3445 1181 3505 tabulis
1203 3446 1345 3506 inauratis

249 3547 404 3618 columnae,
428 3547 495 3606 imm
519 3545 842 3626 duodequadragenum
866 3542 986 3621 pedum.
1044 3543 1137 3622 Signa
1160 3561 1247 3602 cerea
1269 3544 1346 3604 inter

249 3644 403 3706 columnas
418 3644 546 3715 suerunt,
562 3643 616 3702 trie
632 3643 722 3700 millia
745 3659 876 3700 numero.
920 3638 979 3698 Sed
994 3649 1025 3698 et
1039 3639 1169 3718 reliquus
1184 3649 1344 3719 apparatus

248 3752 350 3802 tantus
371 3739 500 3800 Attalica
512 3750 604 3810 veste,
618 3737 727 3798 tabulis
746 3737 842 3815 pictis,
864 3746 1021 3814 ceteroque
1035 3735 1174 3814 choragio
1188 3736 1254 3808 luit,
1267 3746 1301 3796 ut
1314 3737 1344 3797 in

249 3837 449 3898 Tusculanam
463 3835 561 3893 villam
583 3833 738 3914 reportatis
762 3853 830 3910 qnae
855 3832 1075 3912 superfluebant
1094 3831 1257 3910 quotidiani
1271 3853 1345 3893 nsua

250 3927 373 4006 deliciis,
389 3935 510 3992 incensa
523 3931 596 3991 villa‘
608 3931 646 3988 ab
660 3928 740 3988 iratis
762 3929 854 3988 servia
869 3937 1105 3988 concremaretur
1119 3926 1157 3985 ad
1178 3929 1346 3989 sestertium

249 4031 365 4091 millies.
407 4031 568 4090 Scenarum
584 4038 682 4087 eutem
699 4027 754 4104 (ait
768 4025 930 4102 Vitruvius)
948 4045 1058 4106 genera
1072 4034 1142 4084 sunt
1163 4025 1228 4096 tria,
1253 4045 1346 4085 unum

250 4127 331 4205 quod
355 4127 460 4188 dicitur
481 4125 635 4207 tragicum,
659 4131 748 4204 atque
771 4121 802 4182 id
830 4122 960 4182 omniurn
984 4119 1253 4180 sumtuosissimnm
1268 4121 1344 4181 luit:

251 4223 374 4284 alterum
386 4224 547 4284 comicum:
569 4219 686 4282 tertium
696 4218 858 4280 satiricum.
903 4217 1016 4278 Horum
1030 4225 1128 4278 autem
1140 4229 1261 4278 ornatus
1277 4232 1347 4280 sunt
