3012 4892
600 411 805 462 suerrum.
1226 403 1247 464 ὅ

149 577 241 625 mum
252 561 331 642 post
344 556 422 642 ejus
435 555 507 622 sata
521 556 555 621 in
577 556 723 623 solidum
744 556 824 621 mihi
841 555 1003 624 tributus:
1026 557 1083 624 ille
1097 577 1247 626 commn-

150 662 286 726 nioatus
300 679 430 724 meonm
446 679 468 724 a
484 658 573 724 Nob.
588 658 686 737 Viro,
697 657 753 724 Jo.
767 657 821 723 De
833 657 917 735 wit,
934 657 1145 743 Amplissimi
1158 659 1245 739 Viri,
1342 715 1358 742 ,

150 761 206 828 Jo.
235 762 291 827 De
312 761 399 839 wir,
423 761 499 826 urbi
523 759 750 827 Dordracenm
775 779 883 845 nuper
910 779 932 824 a
952 760 1111 842 Secretis,
1143 762 1245 840 Filio,

151 863 364 929 Summornm
387 861 554 946 quondam
570 863 661 946 opud
677 863 829 928 Batavos
846 861 1010 942 Virorum,
1024 863 1082 931 Jo.
1097 869 1131 930 et
1146 865 1245 932 Corn.

152 965 205 1032 De
218 964 295 1031 wit
309 965 464 1050 Nepote:
479 966 531 1030 hic
542 987 562 1031 e
572 967 783 1032 Bibliotheca
793 967 924 1047 insigni,
935 966 1011 1033 Viri
1022 967 1245 1052 Nobilissimi,

151 1065 318 1132 Theodori
340 1067 625 1145 Boendermakeri,
643 1066 805 1132 Canonici
820 1068 855 1132 S.
871 1069 1007 1138 Martini
1021 1074 1111 1155 apud
1134 1073 1246 1141 Ultro·

147 1168 303 1252 jectinos‚
319 1170 480 1234 coiimtue.
525 1170 579 1234 De
595 1169 672 1233 aliis
695 1169 806 1234 Libris
827 1189 925 1236 manu
945 1175 1106 1253 exaratis,
1124 1177 1246 1260 quibus

153 1269 291 1338 Gabriel
309 1271 473 1350 Faiirnus,
497 1272 674 1356 Philippus
693 1272 833 1350 Potens,
858 1273 1059 1341 Franciscns
1080 1276 1243 1363 Guyetus,

152 1370 301 1438 ioannes
322 1373 494 1439 Henricus
524 1375 708 1452 Boeclerus,
740 1373 799 1439 sed
829 1381 862 1440 et
892 1377 1006 1460 plures
1035 1378 1095 1443 alii
1120 1379 1246 1446 dudum

153 1479 227 1538 sunt
249 1476 315 1553 nsi,
343 1495 497 1559 quosque
523 1477 645 1559 partim
669 1477 704 1539 iu
727 1483 840 1559 partes
864 1479 995 1556 vocavi,
1025 1480 1135 1546 dicere
1165 1483 1245 1548 nihii

153 1577 282 1642 attinet.
328 1577 446 1643 Nolim
474 1585 581 1644 tamen
603 1579 787 1657 existimes,
817 1582 864 1644 ita
892 1581 1044 1663 religiose
1065 1603 1087 1648 a
1108 1603 1162 1648 me
1184 1605 1245 1650 ex·

152 1685 288 1744 ensem
315 1680 489 1746 Librorum
513 1682 672 1758 omnium,
701 1701 785 1764 qnos
810 1680 957 1760 laudavi,
976 1685 1185 1768 scripturam,
1208 1697 1246 1752 ot

152 1801 266 1848 omnes
288 1784 404 1866 apices
425 1782 652 1868 persequendo
678 1782 772 1860 nihil,
798 1783 889 1867 quod
913 1803 934 1848 a
954 1785 1091 1867 vulgata
1104 1789 1245 1856 lectione

152 1885 268 1962 obiret,
297 1903 365 1948 non
390 1885 604 1950 observatum
629 1884 818 1950 dimiserim.
868 1884 918 1950 Ea
947 1886 1039 1965 mihi,
1065 1895 1104 1954 ot
1130 1909 1242 1958 vorum

151 1988 267 2066 fateor,
290 1989 399 2054 inanis
420 1987 530 2052 sutura
551 2007 665 2070 opero,
686 1987 896 2071 obscuraque
910 1989 985 2054 visa
998 1991 1243 2076 estdiiigentia,

152 2089 356 2155 incertiorem
366 2090 492 2154 iactura
507 2090 692 2166 hectorem,
708 2107 808 2172 qnam
820 2090 967 2156 isiuerat
981 2090 1113 2156 dudum.
1151 2093 1244 2173 Quid

152 2192 243 2278 qnod
268 2191 425 2256 ridendos
449 2191 576 2275 passim
600 2191 810 2272 propinarem
840 2193 974 2275 publice
1002 2194 1109 2258 bonos
1135 2203 1245 2264 cetera

152 2293 306 2371 Codices,
320 2293 351 2358 si
365 2293 506 2375 singula,
521 2313 598 2376 qum
613 2293 645 2356 in
660 2293 838 2360 manifesto
856 2296 980 2360 cubare
1005 2297 1126 2362 mendo
1149 2319 1243 2364 nemo

152 2415 251 2461 sanus
264 2396 450 2479 negaverit,
470 2395 649 2460 identidem
664 2396 869 2474 exscribere,
893 2404 995 2481 utque
1016 2399 1059 2464 ad
1083 2419 1242 2464 nauseam

151 2519 255 2584 usque
269 2505 416 2581 repetere
431 2497 632 2561 voluissem?
666 2495 698 2562 N
701 2515 744 2560 on
756 2497 918 2578 igiturmo
933 2499 1049 2566 saeculi
1060 2500 1243 2584 fastidium,

152 2601 211 2666 scd
225 2612 317 2666 certa
339 2601 497 2664 deterruit
513 2599 606 2664 ratio.
652 2596 817 2677 Quodne
840 2599 939 2682 gratis
963 2601 1093 2667 dixisse
1116 2597 1242 2685 videar,

151 2722 275 2781 eorum,
291 2721 368 2785 quae
387 2701 467 2764 mihi
489 2703 621 2784 potiora
637 2702 775 2767 sectanti
794 2701 883 2766 ultro
897 2721 933 2766 se
945 2703 1164 2786 ingesserunt,
1184 2709 1243 2772 bo·

151 2823 225 2870 nam
240 2809 369 2888 partem
382 2802 511 2868 Tecum
524 2801 578 2866 hio
593 2804 837 2866 communicare
851 2803 961 2866 visum
974 2809 1035 2868 ost.
1080 2803 1130 2868 En
1143 2809 1244 2888 igitur

152 2905 314 2971 absurdas
336 2905 532 2988 optimorum
558 2901 726 2967 Codicum
750 2902 932 2968 lectiones:
958 2901 1043 2968 And.
1058 2904 1138 2972 Act.
1163 2923 1189 2970 ι.
1211 2911 1241 2975 l.

151 3007 223 3074 138.
247 3005 323 3071 Sine
347 3015 384 3070 ot
407 3005 538 3070 eueniet.
581 3003 662 3070 Act.
677 3021 732 3069 ιιι.
746 3003 849 3070 324.
873 2995 1043 3089 inperare
1059 3009 1174 3092 nuptie
1188 3009 1243 3076 doe

151 3120 242 3195 utque
269 3105 370 3174 inuito
392 3105 572 3192 Pamphilo.
618 3105 698 3173 Act.
730 3123 780 3171 ιν.
811 3109 842 3172 l.
872 3107 925 3172 59.
950 3105 1033 3171 Hem
1061 3109 1115 3173 sed
1141 3133 1242 3181 mone.

151 3212 228 3278 Act.
245 3228 278 3275 v.
295 3212 393 3277 1.19.
418 3209 644 3296 Olrjurgantem
669 3207 825 3274 ancillam.
869 3209 954 3275 Ειιιι.
979 3209 1059 3277 Act.
1084 3231 1108 3276 ι.
1133 3216 1164 3280 2
1188 3216 1243 3284 35.

151 3313 322 3398 Adrepurm
335 3335 352 3376 e
366 3312 470 3376 Sumo.
515 3311 593 3377 Act.
607 3331 647 3378 ιι.
661 3313 694 3378 3.
709 3315 740 3378 7.
766 3309 1005 3399 Ofortunotum
1018 3335 1128 3378 renem.
1172 3317 1244 3383 lbi·

152 3413 224 3480 dem
249 3416 305 3481 24.
330 3411 475 3478 Redduut
503 3425 645 3479 enatura
660 3415 811 3501 juncum:
843 3422 877 3480 et
900 3417 955 3481 45.
980 3413 1105 3480 Scilicet
1130 3416 1241 3486 desine.

151 3515 230 3584 Act.
247 3535 306 3584 ιιι.
331 3519 362 3584 1.
386 3520 418 3584 6.
443 3515 503 3582 Est
522 3519 600 3582 istuc
621 3517 729 3582 dotum
751 3514 935 3603 profectum.
980 3518 1058 3584 Act.
1074 3521 1174 3584 ιιι.5.
1187 3520 1242 3586 37.

152 3619 266 3685 Diona
277 3619 400 3684 misisse.
442 3619 519 3686 Act.
537 3637 586 3683 lv.
600 3621 632 3684 6.
647 3621 701 3686 31.
725 3619 839 3684 Animo
848 3619 977 3704 potenti.
1021 3619 1101 3685 Act.
1117 3638 1152 3682 v.
1165 3621 1196 3686 2.
1208 3621 1240 3686 8.

151 3720 346 3788 Miserrimus
363 3720 435 3806 seri
452 3719 638 3808 fugitando.
683 3721 810 3788 Heaut.
832 3721 911 3787 Act.
942 3737 983 3786 ιι.
1014 3723 1044 3786 1.
1072 3721 1125 3786 16.
1151 3719 1245 3790 Quod

150 3823 254 3890 deinde
275 3825 314 3904 ei,
337 3835 416 3888 recte
435 3835 488 3890 ert.
531 3824 609 3890 Act.
626 3841 681 3890 ιιι.
695 3825 727 3890 3.
742 3824 797 3890 31.
824 3819 985 3892 Quoniam
1005 3821 1064 3886 tibi
1081 3823 1178 3907 operis
1193 3821 1244 3888 Di

150 3925 234 3990 dont.
279 3929 358 3992 Act.
380 3913 422 3992 'v.
442 3929 474 3992 l.
500 3929 532 3993 1.
557 3925 677 3992 Idcirco
700 3925 770 3992 scio.
814 3927 956 4011 Adelph.
978 3927 1058 3991 Act.
1084 3943 1107 3988 ι.
1132 3925 1164 3990 2.
1187 3929 1242 3994 (id.

153 4027 230 4094 Cum
244 4027 364 4113 placeo.
406 4029 486 4095 Act.
501 4045 558 4094 ιιι.
573 4029 606 4096 2.
619 4029 676 4095 35.
701 4027 833 4094 Putrem
859 4030 903 4093 ita
924 4029 1121 4093 obsecratum.
1164 4027 1241 4096 Act.
1299 4081 1302 4088 .

131 4129 133 4136 ⁴
151 4148 205 4194 ιιι.
216 4132 248 4196 a
262 4131 317 4196 23.
343 4129 523 4219 Congruens
539 4131 640 4196 istum.
683 4131 762 4200 Act.
779 4147 830 4196 ιν.
844 4135 877 4198 2.
892 4131 945 4195 23.
970 4125 1041 4193 Non
1051 4129 1169 4214 puduit
1190 4155 1241 4196 re:

149 4239 181 4298 et
192 4233 246 4300 28.
270 4229 405 4320 Referre
417 4255 478 4298 non
491 4233 653 4299 audebam.
697 4234 776 4302 Act.
795 4249 842 4299 ιν.
864 4235 897 4302 3.
923 4231 976 4299 14.
1000 4229 1046 4296 Et
1068 4244 1148 4300 certo
1169 4233 1241 4312 rrio,
