2948 4890
242 383 286 451 88
473 397 654 450 naussum
679 397 823 449 narrasti
850 395 1108 450 arsasarsrro.

244 553 324 615 sant,
349 541 399 620 qui
414 541 569 615 concinne,
591 551 622 600 et
640 539 901 618 quemadmodum,
921 551 1031 602 etcum
1045 552 1169 622 oportet,
1186 545 1334 624 jocantur.

244 641 328 700 Sicut
341 639 418 698 enim
432 657 555 718 corpora
568 637 755 717 distinguunt
769 637 934 707 animatus,
959 649 1002 714 nt,
1028 640 1154 720 exempli
1167 642 1272 720 gratia,
1292 643 1336 720 ig·

244 755 311 794 nem
325 745 356 795 et
369 734 510 815 quicquid
526 735 590 794 leve
603 744 660 808 est,
674 746 772 795 motus
786 733 836 813 qui
851 735 880 793 in
896 734 987 794 altum
1000 735 1101 810 lemur,
1121 755 1208 816 grave
1222 747 1334 808 contra,

244 846 341 894 motus
356 832 406 912 qui
418 830 457 890 ad
472 830 610 904 medium,
625 829 787 910 eodemque
799 829 888 890 modo
901 831 930 889 in
946 830 1027 900 aliia:
1042 831 1083 891 ita
1096 852 1133 892 ax
1146 833 1181 892 iis
1191 834 1241 912 qui
1253 845 1335 894 extra

244 941 324 1002 sont,
338 939 369 988 et
382 929 433 1006 qui
448 929 476 986 in
492 928 594 988 oculos
609 927 762 988 incurrunt
777 928 927 988 bominum
939 929 1077 998 motibus,
1091 928 1207 989 habitus
1218 947 1334 1009 quoque

244 1035 386 1106 apparent
400 1026 505 1085 animm
519 1035 551 1084 et
564 1024 681 1084 mores!
721 1023 800 1092 Quia
823 1033 922 1084 antem
944 1023 1021 1084 risus
1043 1025 1090 1096 iis,
1113 1035 1147 1085 ut
1169 1025 1334 1104 plurimum,

243 1124 294 1202 qui
307 1122 404 1182 minus
418 1131 487 1181 sunt
500 1121 628 1190 bonesti,
650 1119 754 1199 quales
768 1119 902 1180 homines
923 1119 1030 1199 plebeii
1052 1130 1122 1180 sunt
1144 1131 1196 1180 aut
1214 1139 1333 1192 scurrae,

244 1230 345 1298 gratus
359 1237 425 1279 asse
440 1217 536 1284 solet:
558 1215 627 1275 binc
641 1217 684 1288 fit,
706 1217 801 1295 inquit
823 1215 902 1276 idem
916 1213 1100 1290 Aristoteles,
1124 1225 1168 1287 at,
1189 1216 1240 1295 qui
1252 1235 1334 1276 scur-

243 1314 312 1374 riles
327 1324 407 1388 sunt,
433 1313 535 1374 urbani
561 1313 648 1372 etiam
664 1312 809 1372 dicantur.
851 1311 945 1372 Addit
966 1323 1074 1386 autem,
1097 1311 1179 1392 quod
1200 1321 1334 1392 spectare

243 1410 302 1470 huc
322 1412 442 1490 propius
464 1409 595 1470 uidetur:
617 1409 810 1469 ‘Discrimen
830 1428 899 1470 vero
921 1429 959 1468 ex
973 1409 1104 1488 Antiqua
1116 1408 1271 1468 Constedie
1283 1428 1335 1488 ap·

243 1515 326 1585 paret
341 1519 371 1566 et
384 1507 478 1566 Nora.
521 1505 597 1564 Nam
618 1505 648 1564 in
671 1505 724 1564 illa
742 1505 772 1564 id
794 1505 874 1584 quod
898 1507 1079 1577 obscaenum,
1100 1504 1131 1563 in
1153 1503 1210 1563 bac
1224 1515 1335 1576 summ,

244 1602 325 1680 quod
340 1603 537 1683 suspicionem
551 1613 665 1662 tantum
677 1603 741 1682 ejus
752 1614 861 1676 mouet,
871 1601 961 1661 risum
972 1621 1091 1680 quoqne
1102 1599 1252 1680 exprimit3
1268 1619 1334 1679 quaa

244 1717 304 1758 non
318 1719 421 1780 parum
436 1699 575 1760 differunt
589 1701 627 1759 ad
642 1700 847 1760 venustatem!
882 1700 964 1760 idem
976 1699 1015 1758 de
1028 1697 1139 1758 cavillis
1150 1714 1268 1776 qunque
1282 1695 1335 1754 ad·

244 1793 289 1854 dit
302 1807 332 1856 et
345 1796 496 1856 conviciis.
532 1796 646 1864 Quibus
659 1796 837 1856 abstinuisse
851 1795 990 1856 Plautum
1005 1803 1131 1866 constat,
1144 1812 1210 1853 cum
1221 1792 1335 1851 obscoe-

244 1891 336 1950 nitate
359 1891 466 1950 nemini
487 1891 643 1950 concedat.
686 1891 782 1970 Hujus
805 1901 902 1951 autem
924 1890 955 1950 in
975 1901 1099 1969 utroque
1119 1909 1156 1948 ex
1170 1886 1335 1947 Aristotelis

239 1983 352 2061 judicio
366 1985 522 2046 discrimen
537 1977 700 2046 videamus.
743 1985 866 2067 Byrrhia
879 1985 959 2066 apud
973 1983 1141 2046 Terentium
1154 1981 1285 2044 Andria:

366 2133 430 2210 Ego
441 2131 520 2191 illam
538 2132 595 2192 vidi
608 2133 766 2212 virginem:
789 2133 882 2192 forma
895 2132 974 2190 bona

366 2229 488 2288 Mendai
503 2229 620 2290 videre:
642 2250 701 2310 quo
716 2229 827 2308 sequior
841 2249 905 2288 sum
920 2227 1085 2308 Pamphilo,

366 2325 397 2384 si
412 2345 444 2384 se
455 2325 535 2385 illam
549 2327 579 2384 in
594 2327 716 2400 somnis,
731 2344 820 2404 quarn
834 2325 927 2396 illum,
942 2321 1078 2403 amplecti
1091 2320 1202 2382 maluit.

243 2467 335 2526 Vides
349 2467 378 2526 in
394 2467 451 2541 his,
467 2488 527 2529 non
542 2471 773 2542 obscoenitatem,
794 2469 847 2529 sed
869 2468 1065 2548 suspicionem
1079 2467 1120 2525 rei
1134 2484 1236 2546 parum
1252 2482 1334 2523 rere-

244 2563 361 2637 ccndm,
376 2569 420 2624 eol
437 2567 581 2638 ὑπόνοιαν,
596 2587 663 2645 qnoe
677 2578 737 2626 tam
752 2575 799 2626 est
812 2567 946 2638 honesta,
971 2575 1004 2624 ut
1018 2564 1150 2643 aquaria
1164 2562 1277 2641 virgine
1290 2559 1333 2631 id,

245 2659 408 2719 urbanitate
423 2661 515 2732 salva,
530 2661 588 2721 dici
602 2663 706 2741 possit.
750 2661 829 2730 Quid
843 2661 920 2720 enim
935 2660 1064 2730 suavius,
1079 2677 1166 2737 quam
1188 2657 1240 2715 ‘in
1255 2675 1334 2715 som·

243 2756 288 2814 nis
310 2756 446 2836 amplecti
457 2757 478 2815 l'
497 2767 529 2817 et
550 2757 679 2836 quidem,
705 2758 729 2818 si
752 2757 790 2817 de
802 2758 863 2817 uiro
877 2768 907 2816 et
920 2757 1049 2816 formosa
1062 2754 1186 2834 conjuge
1200 2753 1314 2814 dicatur
1328 2757 1335 2808 t

243 2851 313 2909 Non
325 2853 402 2912 enirn
418 2854 490 2914 dicit
503 2853 609 2926 βινεῖν,
623 2853 703 2934 quod
723 2855 935 2932 Aristophanes
950 2853 1084 2922 dixisset,
1108 2871 1162 2911 nec
1176 2869 1243 2927 quaa
1258 2847 1287 2906 in
1303 2865 1333 2906 re

242 2947 294 3006 tali
312 2947 436 3008 Plautus
450 2968 592 3030 usurpare
613 2949 698 3022 solet,
719 2951 770 3030 qui
792 2969 846 3010 nec
860 2949 983 3009 honeste
997 2967 1035 3007 ea
1048 2947 1129 3019 dicit,
1151 2955 1182 3006 et
1194 2948 1333 3006 obscaena

243 3043 491 3124 circumloqnitur.
534 3047 611 3105 Nam
626 3047 724 3125 qualia
738 3059 808 3107 sunt
821 3047 878 3106 ista
892 3046 1020 3106 Casina!

323 3188 382 3246 On.
399 3187 455 3247 Ubi
469 3187 552 3249 locus
566 3201 680 3251 sumtus
694 3211 781 3272 porro
794 3203 850 3266 est,
863 3194 1002 3254 continno
1014 3193 1116 3254 stricto
1127 3185 1240 3272 gladio:
1256 3189 1332 3246 atatl

440 3291 542 3365 papae!
563 3294 666 3368 papas!
709 3290 766 3350 Cu.
788 3286 867 3356 Quid
880 3288 911 3348 id
924 3287 1034 3371 papml

319 3383 379 3442 Οι.
396 3381 554 3461 Flagitium
568 3383 607 3443 oh
620 3394 684 3445 erat
695 3385 870 3446 maximum:
892 3383 1023 3464 gladium
1038 3403 1075 3444 ne
1089 3383 1211 3442 haberet
1223 3379 1332 3440 metui:

439 3477 470 3537 id
484 3499 614 3558 quaerere
629 3483 739 3563 occepi.

321 3573 399 3634 Dum
412 3574 544 3654 gladium
558 3596 596 3637 ne
610 3577 718 3638 habeat
732 3599 843 3660 quaero,
858 3579 963 3658 arripio
977 3576 1125 3658 capulum.

239 3703 315 3764 Nam
331 3714 439 3777 cetera,
464 3705 494 3764 in
514 3706 620 3785 quibus
640 3707 728 3786 plane
747 3705 885 3786 loquitur,
908 3704 1069 3785 prasertim
1084 3720 1151 3764 cum
1165 3699 1203 3760 de
1216 3701 1332 3762 Venere

237 3803 345 3882 dl'lrrp
364 3801 435 3882 agit,
457 3819 576 3863 cavero
590 3823 626 3863 ne
640 3821 865 3864 commemorare
878 3802 997 3882 quidem
1011 3801 1099 3862 malo.
1140 3797 1218 3858 Puto
1232 3807 1332 3857 autem

238 3897 311 3958 satis
325 3916 391 3957 esse
406 3896 604 3967 manifestum,
629 3900 715 3958 etiam
729 3917 797 3958 cum
809 3897 1049 3976 circumloquitnr
1062 3915 1130 3975 qum
1143 3912 1247 3974 parum
1262 3903 1334 3954 sunt

237 3991 372 4065 honesta,
395 4011 432 4052 ne
445 3993 569 4054 honeste
584 3994 713 4072 quidem,
738 4007 768 4056 et
787 4015 853 4056 cum
869 3995 1058 4054 honestarum
1073 3990 1187 4052 aurium
1200 3988 1333 4054 fastidio,

236 4085 268 4146 id
282 4087 352 4146 lieri.
394 4087 486 4148 Vides
500 4107 571 4168 ergo
586 4089 696 4168 passim
710 4089 825 4150 Veteris
839 4089 1007 4168 imaginem,
1021 4088 1120 4160 etiam,
1134 4085 1172 4146 de
1187 4103 1247 4163 quo
1261 4103 1332 4144 mox

235 4181 324 4262 paulo
337 4192 416 4263 post,
431 4182 588 4246 dicacitate
601 4204 637 4246 ac
650 4185 865 4249 maledicentia.
894 4187 969 4256 Quae
980 4184 1106 4246 Athenis
1116 4181 1223 4264 partim
1235 4180 1331 4262 leges,
