2948 4890
365 391 547 442 naussum
571 392 718 444 ιιιιιιιιιι
743 393 1011 447 mssnnrsrro.
1188 383 1234 452 81

133 535 284 598 inclusum
297 553 395 615 nequa
415 535 562 614 signatum
587 537 676 598 esse!
717 535 784 597 Vox
798 537 876 598 enim
902 545 1100 602 ιλιιιισιιιτιι
1120 553 1234 608 tuntum

137 635 232 704 abest,
252 641 288 692 nt
301 633 430 692 sermoni
444 631 604 693 convenire
624 632 730 712 possit,
750 637 821 694 ὄπι
841 631 906 694 cibi
925 639 1011 696 sirau
1032 641 1082 708 riv
1104 637 1235 704 &usum

135 727 284 803 (dicerent
298 729 423 790 subtiles
437 728 540 790 harum
554 749 650 790 rerum
660 729 792 808 judices)
805 737 947 804 πολιτικὴν
961 731 1046 807 cluss,
1060 733 1119 796 hoo
1131 749 1188 810 est,
1202 751 1236 800 ιιι

135 827 310 905 nequidem
324 845 397 888 uoce
411 826 480 900 ulia,
494 847 562 907 quse
577 845 642 886 enm
654 829 808 906 exprimat,
820 829 1026 890 consuetudini
1039 842 1092 892 aut
1105 834 1171 894 usui
1185 853 1235 896 ac-

133 923 321 984 commodari
334 924 439 1002 possit.
480 925 586 1004 ltaque
599 925 758 1004 corrumpit
771 943 883 996 rocem,
904 924 993 1004 plane
1007 937 1040 986 ut
1052 927 1166 1004 faciem,
1184 933 1235 1011 qui

135 1021 180 1080 sic
193 1039 313 1082 morere
327 1021 418 1080 risum
430 1022 560 1101 cogitat:
576 1021 677 1100 qualia
689 1039 779 1102 prope
792 1021 906 1082 infinita
919 1023 1133 1103 Aristophanis.
1176 1027 1235 1088 En·

135 1117 235 1198 emplo
250 1119 313 1178 sint
326 1117 510 1190 diminutive,
534 1137 602 1197 quse
623 1127 684 1178 tam
697 1117 855 1198 diligenter
867 1119 953 1179 tertio
967 1119 1190 1184 Rhetorieorum
1204 1125 1235 1184 iu

133 1213 215 1274 illins
231 1215 405 1294 Babyloniis
419 1215 484 1275 Rex
499 1215 676 1276 criticorum
690 1215 865 1278 Aristoteles
889 1215 1023 1276 notavit:
1044 1218 1234 1300 χιιιιιὸιριιιι,

134 1311 365 1390 λιιιδιριιμιίιιιν,
387 1312 571 1390 ἱματιδάριιν.
595 1317 640 1372 ιιι
663 1313 842 1392 νοσημάτων.
884 1313 972 1382 Quod
995 1324 1026 1376 et
1048 1315 1078 1374 in
1100 1335 1235 1376 sermone

134 1409 200 1488 ejus
219 1409 334 1488 passim
348 1421 380 1470 et
394 1409 423 1468 in
440 1410 576 1470 sensibus
602 1411 753 1484 obseruas,
776 1429 852 1489 quos
875 1429 935 1471 non
956 1429 1022 1472 raro
1043 1411 1120 1472 risum
1143 1429 1235 1472 causa

136 1505 221 1565 effert
234 1506 489 1586 corruptissimi
505 1527 585 1586 saepe
598 1519 697 1568 tamen
712 1525 781 1568 cum
796 1505 895 1566 illudit
906 1507 981 1567 aliis.
1021 1507 1121 1576 Quare
1134 1527 1233 1580 vocas,

135 1601 272 1681 phrases,
296 1621 413 1678 sensus,
435 1604 525 1664 etium
539 1614 728 1677 stmcturam,
751 1603 855 1675 Nosse,
869 1613 903 1664 ut
913 1603 1018 1664 imitari
1032 1604 1125 1665 cuivis
1138 1615 1234 1665 tutum

134 1709 192 1771 est,
217 1699 261 1759 ita
274 1699 437 1779 Antiquam
451 1700 476 1759 si
490 1700 556 1780 quis
570 1700 677 1761 imitari
691 1699 771 1774 velit,
795 1701 922 1759 maximo
936 1699 1053 1761 delectu
1068 1719 1103 1761 ac
1119 1699 1234 1780 judicio

134 1806 183 1855 est
206 1813 306 1876 opus:
328 1795 409 1875 qnod
433 1795 459 1856 si
481 1797 650 1876 quisquam,
675 1805 754 1856 recte
776 1793 948 1856 Aristoteles
973 1797 1095 1857 noterit.
1136 1797 1235 1876 Atque

136 1891 203 1952 bec
214 1911 320 1964 causa,
333 1913 396 1966 cur,
417 1903 453 1952 ιιι
465 1893 558 1953 multo
571 1893 727 1974 perfectior
739 1891 907 1972 utiliorque,
932 1893 975 1952 itu
988 1893 1086 1954 minus
1099 1891 1233 1963 ridicula,

138 1989 177 2048 sit
192 1989 289 2061 Nora,
305 1989 336 2048 in
350 2007 411 2069 qua
423 2008 537 2064 omnes,
558 2000 593 2052 nt
608 1991 671 2070 jam
686 1989 833 2060 absoluta,
846 1989 1049 2070 acquiescunt.
1090 1989 1167 2050 Cum
1180 2007 1234 2052 sn·

137 2085 210 2164 tiqui
225 2085 353 2158 Comici,
377 2087 413 2146 iis
434 2087 541 2166 pariter
554 2107 622 2168 quse
637 2085 750 2158 dicunt,
765 2095 795 2146 et
808 2083 926 2144 dicendi
941 2085 1064 2157 ratione,
1085 2085 1235 2146 urbanita-

138 2193 207 2255 tem,
221 2183 294 2262 quia
307 2181 380 2240 nihil
395 2181 477 2242 alind
492 2193 664 2262 spectarunt
675 2201 764 2262 quam
774 2181 939 2260 ridiculum,
952 2181 1098 2262 plerisque
1109 2181 1140 2241 in
1151 2180 1234 2254 locis,

139 2278 342 2360 imprudenter
355 2277 520 2338 excedunt:
542 2277 668 2358 ideoque
683 2287 714 2338 et
728 2277 829 2338 vitium
842 2277 1026 2358 plerumque,
1046 2277 1126 2356 quod
1140 2275 1235 2356 liupo·

139 2380 244 2456 λοχίαν
268 2373 342 2434 dixit
363 2374 547 2448 Aristoteles,
570 2375 730 2435 incurrant.
772 2373 830 2444 Qui
853 2373 895 2432 sir
916 2391 1043 2453 mugnus
1065 2373 1235 2434 Etlricorum

138 2483 255 2548 quarto,
270 2472 320 2532 ubi
334 2471 372 2532 de
385 2471 550 2532 urbanitate
564 2472 636 2550 agit,
660 2490 727 2550 quas
749 2471 778 2530 in
803 2469 904 2549 primis
917 2468 1015 2531 locum
1029 2465 1059 2527 in
1074 2467 1120 2529 his
1134 2468 1234 2540 babet,

139 2567 260 2626 cosdem
275 2579 307 2628 et
320 2569 448 2628 urbanos
462 2577 492 2627 et
505 2567 647 2628 honestos
663 2565 760 2627 vocari
774 2566 831 2628 ait:
846 2569 1032 2644 ιιιριιιιιλιιιι
1045 2565 1133 2637 enirm
1148 2565 1234 2645 qussi

141 2667 294 2740 strepitum,
317 2663 386 2726 dici.
428 2663 512 2725 Sicut
526 2673 623 2724 nutem
638 2663 676 2724 de
690 2663 861 2742 corporibus
876 2682 913 2723 ex
926 2671 1019 2734 motu,
1040 2661 1084 2722 ita
1096 2681 1134 2721 ex
1147 2661 1235 2721 urba·

141 2759 229 2821 nitate
249 2759 378 2840 judicari
402 2759 440 2822 de
465 2761 583 2820 animo:
605 2769 703 2820 utrum
717 2777 823 2836 nempe
836 2759 980 2818 honestus
1000 2757 1048 2828 sit,
1071 2775 1109 2815 an
1130 2755 1235 2835 turpis.

142 2857 198 2926 Qui
221 2857 261 2917 de
285 2858 456 2939 corporibus
477 2857 574 2930 locus,
596 2873 665 2916 cum
689 2855 834 2914 obscurus
856 2851 942 2912 nobis
958 2851 1115 2924 rideretur,
1139 2869 1235 2930 neque

141 2955 297 3034 quicquam
320 2952 349 3013 in
374 2955 537 3016 recentibus
562 2951 766 3032 scriptoribus,
789 2951 841 3030 qui
866 2947 1048 3028 interpretati
1068 2965 1135 3008 sum
1156 2957 1235 3020 sunt,

142 3051 269 3129 presidii
283 3049 322 3110 ad
336 3071 454 3111 manum
469 3061 560 3124 esset,
584 3049 622 3110 nd
638 3047 839 3108 Andronicum
853 3043 1014 3116 Rhodium,
1038 3041 1123 3124 cujus
1145 3039 1236 3104 Para-

141 3147 259 3226 pbrasin
273 3147 304 3208 in
318 3147 386 3209 illos
399 3147 490 3208 libros
506 3147 593 3228 plane
607 3145 821 3217 admirandam,
840 3141 925 3224 primi
940 3151 970 3201 ct
983 3139 1140 3214 edidimus,
1160 3151 1192 3200 et
1204 3139 1236 3200 in

142 3243 276 3304 Latinum
290 3245 488 3305 convertimus
503 3263 678 3316 sermonem,
696 3255 730 3302 ut
744 3261 823 3322 saepe
838 3239 923 3312 alias,
936 3237 1135 3318 confugimus.
1177 3235 1236 3305 Qui

142 3340 196 3400 hoc
209 3340 320 3401 modo:
339 3341 377 3401 'H
390 3339 422 3401 dt
439 3344 569 3421 peririis,
592 3343 773 3419 sirpusrsiio,
797 3339 842 3397 rui
865 3335 891 3396 ol
914 3339 1038 3417 ἔχοντα,
1060 3337 1235 3412 τινι-ρᾶιιιλιι,

142 3433 201 3498 olor
214 3437 352 3516 cr'irponos·
375 3441 421 3498 sul
434 3443 554 3514 γάριιῦ
578 3441 657 3509 lidous
679 3435 792 3496 δοκοῦσι
814 3439 940 3494 τοιαῦται
963 3433 1092 3502 κινήσω,
1116 3425 1189 3490 odros
1203 3425 1236 3488 di

142 3539 213 3595 siuas
226 3538 254 3595 oi
267 3536 419 3599 nostrvm
432 3535 569 3614 ἱμμιλὸι,
583 3537 628 3592 sul
642 3537 676 3592 sis
690 3531 742 3604 dei,
757 3535 801 3591 sni
816 3531 873 3592 dre.
894 3533 988 3610 ὅπερ
1001 3531 1058 3606 pdp
1072 3525 1103 3585 oi
1116 3527 1237 3595 sarium

142 3633 177 3690 ιιι
200 3635 318 3714 σιἰμιιτα
338 3631 604 3712 χαρακτηρίὲιιισιι·
627 3625 687 3688 olor
708 3641 763 3706 ιιῦρ
786 3629 840 3706 μὲν
860 3630 877 3697 ἣ
900 3628 939 3686 sls
952 3626 983 3684 τὸ
996 3625 1178 3698 diuulsum
1191 3625 1239 3680 sol

141 3737 199 3787 scir
211 3735 321 3808 κοῦφον·
341 3727 417 3803 βαρὺ
427 3725 459 3788 di
472 3731 489 3798 l
502 3731 542 3788 sls
553 3729 585 3788 τὸ
598 3733 697 3807 μέσον,
719 3729 763 3786 sol
777 3713 824 3786 tit
837 3735 892 3784 τῶν
910 3725 1012 3782 ἄλλων
1035 3721 1145 3798 dputes·
1166 3713 1236 3776 otro

143 3830 188 3884 sul
202 3827 259 3885 sind
272 3833 328 3885 rs'iv
342 3827 393 3896 ἔξω
408 3827 454 3883 sul
467 3829 645 3904 φαινομένων
659 3830 707 3883 roi
720 3825 865 3898 ἀνθρώπου
880 3823 1025 3889 κινήσεων,
1048 3813 1080 3872 ul
1101 3813 1169 3884 ἔξω
1189 3825 1238 3884 nis

142 3923 233 4002 ψυχῆς
243 3927 392 4002 pulsarunt
406 3923 452 3980 sul
467 3927 503 3980 rd
517 3925 579 3993 lidii.
620 3919 710 3988 Quod
732 3929 779 3978 est
801 3937 838 3977 ex
858 3911 1096 3994 interpretatione
1109 3919 1233 3972 nostru:

142 4025 151 4050 ‘
166 4016 298 4078 Medium
312 4035 393 4088 sero,
407 4021 588 4094 ιῦιραιελιι,
601 4015 632 4075 id
647 4025 705 4089 est,
730 4013 892 4084 urbanitas,
916 4008 1027 4088 quique
1046 4006 1077 4066 iu
1091 4021 1128 4066 eo
1140 4005 1237 4068 excel·

141 4113 217 4187 lunt,
241 4115 418 4193 ιιτρᾶιιλοι,
442 4113 528 4192 quasi
549 4113 686 4192 ιῦιροιιι,
708 4112 766 4171 boc
780 4119 836 4182 est,
859 4109 935 4169 bene
950 4103 1065 4177 morati,
1088 4099 1235 4165 dicuntur.

145 4209 260 4270 Etenim
273 4211 459 4292 potissimum
472 4227 491 4272 a
506 4211 634 4274 moribus
650 4208 784 4271 ridentur
797 4225 863 4268 esse
876 4203 907 4266 hi
927 4209 1033 4264 motus.
1077 4199 1117 4260 lli
1138 4210 1236 4262 sutem
