3012 4892
606 388 812 442 resaluto.
1212 377 1256 446 22

155 548 245 616 pete,
277 531 478 598 vmiatutom
501 531 655 598 lectionis
681 541 848 608 annotare,
882 537 1158 600 commentatores
1183 536 1255 602 lau-

157 633 249 698 dare.
293 632 335 697 Iu
349 632 522 698 uolumine
534 633 612 698 olim
626 653 648 698 a
661 653 715 698 mc
739 633 885 716 perlecto
906 641 942 698 et
963 631 1142 718 descripto,
1164 639 1256 719 quod

155 735 199 798 ab
213 733 427 816 Imperatore
443 731 583 798 Octauio
599 731 752 814 Augusto
765 733 897 816 incipit,
919 734 996 803 loca
1011 743 1128 801 exmnt
1149 738 1257 804 multa

157 834 320 918 decerpta
333 854 380 900 ex
398 832 517 917 poetis,
539 841 578 898 ut
601 835 781 917 scriptores
806 835 981 917 prosaicos
996 837 1159 916 omibam,
1174 838 1256 906 Ori·

156 935 226 1014 dio,
241 936 377 1010 Persio,
393 935 542 1014 Lucano,
559 936 678 1014 Statio,
690 935 862 1014 iuuenali,
878 935 1075 1016 Claudiano,
1096 957 1166 1004 uua
1180 957 1257 1006 cnm

156 1038 264 1102 uariis
277 1037 480 1102 lectionibus
494 1055 536 1102 ac
551 1037 694 1119 glossis3
715 1055 822 1120 neque
843 1036 955 1115 aliam,
970 1037 1081 1116 credo,
1096 1039 1257 1104 rationem

155 1137 231 1202 iniit
244 1137 280 1202 in
295 1137 520 1203 voluminibus
534 1136 812 1220 praecedentibus,
827 1157 903 1220 quas
918 1137 1063 1204 lomasse
1077 1140 1206 1207 alicubi
1220 1141 1256 1206 in

156 1237 370 1302 Bibliotheca
383 1237 438 1302 vel
450 1236 598 1302 Archino
613 1235 857 1320 Guestphalico
873 1237 985 1303 latent.

200 1337 295 1418 Quid
309 1339 339 1402 si
358 1339 445 1406 idem
467 1339 538 1418 ille,
560 1337 782 1424 qui‘codicem
797 1337 985 1423 descripsit,
1007 1339 1109 1406 etiam
1124 1343 1256 1408 notulas

158 1439 313 1522 adjecitl
357 1440 436 1505 Hoc
452 1441 532 1504 mihi
546 1438 625 1504 inde
640 1439 813 1521 probabile
827 1447 891 1516 est,
913 1442 992 1524 quia
1006 1459 1164 1524 maguum
1178 1463 1257 1510 con·

158 1558 293 1604 sensnm
308 1548 421 1606 textus
430 1561 508 1608 cam
523 1541 610 1608 uotis
626 1540 731 1606 etiam
745 1541 823 1606 istis
838 1541 938 1618 locis,
957 1543 1015 1606 uhi
1031 1547 1144 1608 textus
1157 1543 1256 1610 salse

157 1641 316 1706 lectionis
331 1644 424 1724 argui
440 1651 568 1726 potest,
583 1641 786 1727 deprehendi
799 1663 808 1722 ;
831 1663 859 1706 e.
873 1664 905 1725 g.
922 1643 965 1708 ad
980 1644 1174 1710 mendosam
1189 1647 1257 1712 lec·

158 1745 288 1808 tionem
310 1743 455 1828 predicto
479 1745 583 1810 Andr.
608 1762 633 1810 ι.
656 1745 689 1809 l.
711 1745 765 1810 19.
789 1749 926 1810 notatur
947 1763 1023 1809 ease
1046 1747 1181 1812 verbum
1195 1746 1259 1812 lra-

159 1845 410 1932 qucntativum3
432 1845 512 1911 ibid.
537 1861 561 1910 1.
582 1845 683 1912 221.
705 1845 904 1910 scholiastes
917 1843 997 1928 cepit
1018 1845 1169 1910 confudit
1182 1865 1259 1913 cum

158 1943 269 2028 repit:
291 1945 443 2028 quarein
457 1953 538 2010 nota
552 1945 684 2010 addidit
706 1944 883 2012 ‘haberes’
904 1945 987 2011 ibid.
1015 1963 1073 2010 m.
1095 1946 1128 2012 2.
1149 1947 1203 2014 27.
1225 1949 1260 2012 in

160 2051 258 2110 textu
280 2045 398 2126 legitur
420 2045 509 2108 sitias
530 2065 590 2129 pro
613 2045 719 2124 acius,
749 2048 822 2112 sine
847 2048 953 2113 dnbio
976 2065 1122 2114 emoneo.
1176 2048 1259 2126 Sed,

160 2165 352 2230 quanquam
367 2147 489 2212 melior
503 2147 603 2212 lectio
619 2147 713 2212 secius
733 2149 766 2212 in
784 2147 848 2214 tls.
863 2154 1006 2227 nohtur,
1020 2154 1132 2214 tamen
1144 2148 1261 2232 glossa

160 2245 357 2314 ‘velocius'
380 2249 531 2331 explicat
554 2247 735 2314 lectionem
759 2255 948 2314 contextus.
990 2248 1129 2314 Sububa
1152 2249 1260 2316 nostrl

160 2347 294 2414 codicis
308 2349 540 2414 commendant
553 2367 591 2414 se
604 2349 765 2416 breuitate
780 2355 815 2416 et
829 2351 1085 2434 perspicuitate,
1104 2355 1203 2434 atque
1216 2352 1261 2416 oh

160 2449 221 2514 bas
233 2449 376 2514 uirtutes
390 2449 554 2514 tironibus
570 2449 669 2515 utilia
683 2469 760 2516 esse
775 2457 936 2534 possunt,
948 2469 1037 2530 eum,
1051 2469 1129 2536 qum
1148 2451 1261 2516 Dona-

162 2557 216 2616 tns
231 2557 268 2616 et
281 2549 494 2634 Eugraphius
509 2550 725 2634 scripserunt,
749 2553 835 2618 adeo
851 2553 987 2636 prolixa
1002 2555 1076 2632 sint,
1090 2557 1128 2618 ut
1141 2551 1261 2618 fortas-

163 2671 200 2716 se
215 2670 259 2716 ea
272 2649 473 2719 eruditorum
486 2651 598 2716 nullus
607 2671 628 2716 a
637 2653 749 2736 capite
761 2651 804 2718 ad
819 2653 947 2718 calcem
961 2653 1146 2737 perlegerit,
1154 2653 1261 2720 multo

162 2753 274 2820 mhrus
296 2751 458 2836 juvenum
484 2753 615 2836 iugenio
641 2759 721 2838 apta
743 2753 821 2818 sint.
873 2753 1005 2818 Deinde
1027 2753 1204 2818 sffeunmr
1227 2754 1263 2816 in

162 2855 303 2924 scholiis
316 2857 490 2934 lectiones,
513 2876 601 2941 quae,
623 2856 654 2922 si
673 2855 746 2940 jam
759 2873 802 2920 ex
828 2855 906 2918 aliis
928 2853 1103 2918 codicibus
1123 2853 1262 2936 prolatae

163 2959 300 3036 luerint,
314 2958 369 3024 hic
384 2964 489 3026 testes
503 2959 740 3024 nanciscuntur
754 2975 860 3021 novos
874 2963 910 3019 et
924 2973 1061 3037 grauem
1082 2953 1263 3032 sinminns,

164 3079 296 3124 summa
309 3061 491 3126 attentione
507 3058 756 3125 consideranda
773 3063 866 3154 suut,
883 3055 963 3140 quia
977 3073 1095 3146 omnes
1106 3071 1262 3136 magnam

163 3161 398 3245 antiquitatem
421 3181 491 3245 prae
506 3179 543 3226 se
563 3162 680 3226 lerunt.
723 3159 882 3226 Varietas
904 3156 1164 3234 distinctionum,
1185 3175 1263 3240 quar

164 3279 209 3328 ex
226 3261 292 3328 boc
311 3261 432 3328 abdica
458 3263 528 3346 peti
553 3268 675 3346 potest,
702 3259 802 3344 plano
821 3277 944 3324 norum
966 3259 1135 3324 uarietatis
1158 3277 1264 3342 genus

164 3363 348 3442 wastitnit,
370 3361 618 3428 aoollatorihus
631 3360 711 3426 mihi
725 3360 813 3426 notis
827 3359 1098 3442 pretermissum.

207 3461 342 3528 Glossae
356 3469 527 3528 auctorem
538 3461 674 3526 natione
690 3459 812 3526 Italum
826 3459 960 3543 prodere
975 3457 1135 3524 videntur.
1173 3456 1263 3522 Nam

164 3563 239 3640 fsi'
262 3567 390 3647 saepius
412 3563 557 3628 usitatur
578 3581 625 3626 ex
647 3581 740 3628 mora
764 3561 893 3628 italicae
914 3562 1008 3626 uocis
1030 3581 1060 3624 se
1085 3580 1149 3644 pro
1178 3560 1266 3637 ‘an,'

166 3663 289 3730 ‘unm'
333 3663 418 3728 Cum
432 3681 510 3730 vero
525 3663 653 3728 codicis
667 3663 867 3746 scriptorem
882 3660 1025 3726 eundem
1046 3679 1124 3725 esse
1149 3669 1265 3744 putem

165 3785 242 3833 cum
257 3766 451 3842 scholiasta,
474 3762 584 3828 codex
598 3762 740 3828 sortasse
754 3763 787 3828 in
800 3761 904 3827 ltalia
916 3761 1060 3845 scriptus
1074 3765 1135 3825 est.

210 3867 316 3946 Quod
334 3866 379 3932 ad
400 3872 524 3934 textum
539 3867 653 3949 ipsum
667 3863 824 3942 Terentii,
838 3863 948 3948 qualis
961 3862 996 3926 in
1009 3863 1074 3926 hoc
1088 3858 1206 3926 codice
1220 3861 1265 3926 le-

165 3971 267 4054 gitur,
283 3967 414 4044 attinet,
429 3967 619 4051 sepissbns
635 3983 713 4032 cam
724 3965 898 4030 codicibus
911 3963 1000 4040 istis,
1012 3963 1083 4046 qni,
1092 3960 1266 4044 judicibus

166 4071 251 4138 riris
277 4069 429 4146 summis,
456 4067 587 4132 Fadrno
612 4071 648 4131 et
669 4065 834 4143 Bentleio,
855 4064 1001 4148 murum
1016 4063 1137 4128 ceteris
1151 4065 1266 4148 praeri-

169 4173 280 4256 pinnt,
303 4169 488 4248 consantit;
509 4167 601 4253 quod
616 4167 755 4234 cuilibet
769 4165 881 4233 Notas
902 4171 1034 4230 nostres
1054 4165 1266 4248 percurrenti,
