2958 4892
274 371 339 437 176
580 381 798 433 rorcnrrrus
822 377 1072 430 cannararus

275 524 337 586 Sed
359 525 388 584 in
413 523 480 584 aliis
503 541 640 584 versuum
664 523 820 603 generibus
844 529 939 582 metra
956 517 1116 599 duplicatis
1131 517 1259 600 pedibus
1273 537 1372 600 prooe-

274 621 360 694 dunt,
375 629 409 682 nt
422 621 452 682 in
466 620 591 682 iambico
613 629 661 680 est
680 618 738 679 hoc
758 623 931 699 μονόμετρον
944 617 1149 690 ἀκατάληπτον,
1167 615 1198 677 irl
1213 627 1271 692 est,
1286 615 1372 678 habet

275 718 351 778 duos
366 717 458 797 pedes
472 717 621 795 integros:

556 841 702 914 Pessima,
716 859 813 902 mane.

556 937 696 1020 Optume,
710 935 779 998 odio
796 955 840 998 es.

274 1055 410 1134 ΔΙμετρον
424 1052 500 1112 hoc:

474 1179 604 1240 Verebar
617 1195 760 1259 quorsum
773 1175 921 1240 eraderet.

275 1304 430 1382 Τρίμετρον
440 1321 448 1361 t

476 1408 660 1490 Obsequium
674 1405 797 1484 amicos,
811 1406 919 1468 veritas
934 1405 1034 1468 odium
1050 1407 1136 1486 perit.

274 1541 467 1620 Τετράμερτον
478 1540 537 1600 hoc
549 1559 557 1599 :

353 1668 434 1738 Quid
447 1668 554 1729 faciam
568 1665 671 1727 nauci
692 1667 718 1726 si
733 1676 793 1727 tres
808 1664 862 1726 viri
875 1684 921 1726 me
935 1666 966 1724 in
989 1683 1137 1726 carcerem
1159 1666 1368 1745 compegerint.

273 1807 372 1885 Atque
390 1804 535 1864 hactenus
558 1801 695 1885 producti
720 1803 835 1864 iambici
850 1823 953 1863 versus
972 1803 1108 1884 exempla
1121 1801 1285 1863 adduxisse
1300 1802 1368 1864 satis

272 1901 370 1972 luerit,
394 1901 450 1962 etsi
475 1898 677 1978 grammatici:
709 1904 900 1976 πενταμέτρου
925 1919 1043 1978 quoque
1067 1899 1190 1958 formam
1218 1899 1369 1978 adjiciunt.

273 1997 360 2056 lllum
375 2005 472 2056 autem
487 2003 687 2054 tetrametrum
700 1995 844 2073 reperisse
859 1993 999 2054 Boiscunr
1013 1993 1161 2075 quendam
1181 1993 1369 2073 Cyzicenum,

273 2095 440 2170 ἐπίγραμμα
464 2089 585 2161 indicat,
611 2091 771 2151 tetrametri
796 2095 989 2164 ἀκαταπλήκτου
1008 2099 1040 2150 et
1061 2095 1270 2162 rarubnmmni,
1292 2087 1369 2172 quod¹

272 2189 379 2270 legitur
393 2187 423 2246 in
438 2187 656 2248 Commentario
672 2186 774 2248 Rufini
787 2186 824 2250 de
839 2187 943 2248 Matris
957 2185 1074 2248 Terent.

352 2320 468 2379 Bdirrnr
481 2317 548 2378 e'rt
560 2317 696 2388 Κνὲικοῢ,
710 2316 815 2378 rruvrdr
828 2317 950 2396 γραφεὺς
962 2322 1124 2394 tulupam,

353 2415 411 2474 Τὸν
423 2415 562 2474 dardanus
576 2415 664 2489 eripiar
678 2419 778 2493 στίχον
790 2413 887 2494 Φοίβῳ
900 2417 994 2486 rlliryor
1007 2413 1103 2492 δῶρον.

352 2509 478 2569 Bniscur
492 2509 541 2567 ille
555 2507 719 2588 Cyzicenus
734 2509 859 2590 scriptor
873 2510 969 2569 omnis
982 2511 1119 2572 carminis

351 2605 462 2665 Versus
476 2603 585 2686 pedum
600 2615 668 2665 octo
683 2607 820 2686 repperit,
834 2605 1006 2685 Pboeboque
1020 2605 1177 2667 dedicarit.

271 2735 381 2794 Verum
407 2731 445 2793 ad
468 2737 630 2806 curabitur
653 2745 842 2796 revertamur.
893 2735 948 2796 Est
968 2736 1055 2816 igitur
1076 2736 1282 2811 καταληπτικὴ,
1303 2754 1367 2797 cum

270 2829 366 2904 deest,
381 2847 441 2908 quo
456 2828 553 2889 minus
567 2849 669 2890 versus
683 2830 876 2909 compleatur,
891 2821 1006 2912 syllaba
1019 2850 1098 2891 una:

474 2948 563 3020 Date,
577 2967 646 3008 mox
660 2969 717 3027 ego
726 2949 785 3007 buc
800 2959 947 3011 revertar:

269 3077 418 3138 iambicus
433 3075 558 3153 δίμετρος
572 3079 777 3148 κατηληκτικόε.
820 3077 866 3140 Sit
877 3079 956 3140 enim
980 3079 1165 3150 ‘revertero,'
1184 3095 1252 3136 nam
1268 3087 1299 3137 et
1312 3077 1368 3135 hac

270 3173 365 3231 forma
378 3171 424 3230 usi
438 3171 525 3230 verbo
539 3170 666 3246 luerunt,
681 3175 734 3234 erit
743 3175 805 3253 jam
819 3177 1015 3248 ἀκατάληπτα.

351 3289 383 3350 Si
396 3288 467 3348 mihi
481 3301 584 3370 perget
597 3311 664 3370 quar
677 3293 742 3353 vult
755 3293 864 3368 dicere,
885 3314 921 3356 ea
932 3315 998 3374 qum
1013 3315 1072 3355 non
1088 3293 1152 3355 vult
1165 3273 1286 3356 audiet:

270 3425 437 3487 trochaicus
454 3427 668 3502 Archilochius,
693 3429 723 3488 id
739 3439 796 3496 est.
820 3433 1000 3510 τετράμετροε
1024 3451 1076 3492 seu
1097 3431 1259 3510 quadratus
1283 3455 1367 3490 rura·

269 3525 404 3596 ληπτικός.
447 3523 492 3583 Sit
504 3523 582 3584 enim
596 3529 604 3559 ‘
616 3523 793 3600 audientur:
815 3527 870 3588 erit
883 3527 1050 3588 trochaicus
1071 3533 1252 3606 τετράμετρος
1273 3527 1367 3584 omni-

268 3619 325 3678 bus
340 3619 468 3680 numeris
485 3619 649 3690 absolutus.

309 3713 601 3794 Hypcrcatalecticus
616 3737 718 3777 versus
733 3725 790 3790 est,
798 3715 827 3777 in
837 3736 896 3797 quo
905 3717 1020 3799 syllaba
1030 3737 1090 3778 una
1105 3715 1257 3778 abundat:
1278 3715 1366 3796 hujus

268 3811 435 3890 exemplum
449 3811 486 3872 de
501 3811 654 3892 dactylicis
672 3812 845 3875 adducunt:

349 3935 517 4014 Alloquitur
530 3937 643 4000 Venus.
687 3941 713 3999 0
729 3941 780 4020 qui
793 3961 839 4002 res
860 3941 1070 4022 bominumque
1084 3943 1284 4020 Deorumque.

348 4029 500 4090 Jactenrur
514 4031 635 4108 docear,
647 4034 742 4114 ignari
756 4037 962 4117 hominumque
976 4037 1176 4118 locorumque.

269 4161 379 4222 Verum
394 4162 596 4243 diligentiores
613 4168 643 4227 in
658 4169 806 4250 dactylico
820 4187 927 4251 genere
940 4175 1161 4252 ὗπιρκατᾶληξιν
1177 4186 1207 4234 et
1219 4173 1368 4256 βραχνκα-
