2948 4890
307 411 491 462 sosntonlt
517 409 565 460 DE
587 411 738 460 corstots
763 411 1073 464 nsttartslortsnttS.
1169 395 1232 465 135

141 557 282 618 duarum:
304 553 449 626 dissolvit,
467 554 540 634 jem,
560 555 591 614 in
612 555 742 636 syllabas
760 555 857 624 duas:
878 558 907 616 in
921 567 990 629 tres,
1004 573 1091 623 sero:
1115 553 1144 614 iu
1158 575 1232 635 qua·

142 665 217 724 tuor,
241 651 404 732 virginem:
429 651 459 711 in
481 651 623 730 quinque,
648 651 802 730 ejusmodi.
852 649 1037 724 Redduaere,
1061 649 1232 724 redductus,

140 751 294 830 relliquns,
314 748 464 828 geminata
476 745 560 807 ell'ert
571 758 764 809 consonante.
806 747 940 819 Literam,
956 767 1024 828 quae
1037 747 1079 819 in,
1093 747 1232 827 optimus,

139 855 272 908 extrema
294 855 351 914 est,
376 843 454 904 tollit
474 843 729 922 frequentissime:
750 855 880 906 extrema
902 843 1005 925 prioris
1023 862 1124 905 versus
1139 843 1233 906 vocali

139 951 186 1002 est
195 961 263 1002 curu
275 941 315 1000 nd
328 939 524 1001 inchoandum
535 951 706 1022 sequentem
716 951 833 1002 utatur:
848 953 895 1002 est
907 959 985 1012 cuns,
997 937 1022 1000 si
1036 939 1112 1001 torte
1123 940 1233 1002 vocalis

139 1039 188 1110 sit,
210 1057 230 1098 a
247 1037 342 1098 vocali
355 1057 422 1116 quse
438 1047 607 1116 sequentem
628 1037 749 1099 inchoat
761 1055 877 1096 versum
900 1034 970 1096 elidi
991 1035 1070 1108 velit,
1091 1035 1235 1116 quemad·

141 1134 261 1194 modurn
275 1153 343 1214 qum
364 1146 534 1214 sequentem
558 1134 679 1196 inchoet
702 1135 740 1194 eb
762 1153 799 1195 ea
823 1133 938 1193 iuterim
963 1131 1125 1192 absumitur
1138 1132 1233 1194 vocali

139 1248 207 1310 qnae
221 1228 440 1310 precedentem
453 1227 555 1292 eludit.
599 1229 672 1292 Hmc
692 1229 807 1309 judicio
821 1239 922 1288 nostro
936 1237 1016 1300 sunt,
1036 1247 1104 1307 qu·
1118 1227 1156 1290 de
1170 1247 1232 1289 ver·

138 1327 221 1387 sibus
235 1325 422 1388 Terentinnis
443 1335 473 1386 et
493 1326 615 1407 praecipi
636 1326 800 1388 debuerunt
822 1321 999 1396 necessario,
1021 1335 1052 1385 et
1068 1342 1134 1386 rere
1147 1334 1233 1406 potu·

138 1431 233 1486 erunt.

553 1609 816 1620 ———-.—-.

267 1785 398 1854 JUbll
421 1781 637 1854 CAESARIS
661 1779 920 1848 SGALIGERI
943 1777 1101 1858 LIBER,

415 1925 464 1977 nn
480 1923 632 1977 consess
650 1921 953 1975 nsnnnssonsnus.

515 2066 556 2117 dd
567 2066 667 2120 Siluinus
680 2066 889 2132 Cassressflls'rsss.

137 2191 271 2261 Qussus
302 2189 414 2250 artibus
443 2192 595 2269 politorum
620 2188 738 2268 ingenia
770 2187 982 2255 excolerentur,
1016 2205 1085 2246 cusu
1108 2193 1231 2249 esseta

138 2287 221 2348 nobis
236 2285 356 2348 duobus
369 2287 449 2346 libris
471 2285 669 2366 explicatum:
692 2303 750 2346 non
765 2285 846 2364 prius
860 2281 1028 2344 absolutum
1050 2281 1142 2342 luisse
1156 2299 1231 2360 opus

137 2383 208 2444 illud
221 2382 389 2453 ridebatur,
403 2401 491 2462 quam
515 2381 618 2442 addita
638 2381 676 2444 de
695 2381 828 2442 versibus
842 2379 964 2441 comicis
985 2377 1231 2442 commentstione

137 2479 304 2540 institutum
325 2489 502 2540 teneremus.
544 2478 631 2550 Nam,
645 2497 712 2540 eam
727 2476 765 2538 de
779 2475 902 2558 origiue,
917 2475 1083 2556 generibus,
1097 2473 1230 2554 partibus

140 2575 328 2648 Fabulam,
342 2595 410 2654 quie
425 2576 455 2636 in
471 2595 590 2636 scenam
606 2575 788 2648 afferrentur,
802 2585 833 2636 et
846 2575 884 2634 nb
895 2573 960 2634 aliis
974 2572 1055 2646 olins,
1069 2580 1100 2632 nt
1113 2589 1132 2630 a
1145 2571 1229 2631 nobis

134 2672 207 2752 ipsis
229 2692 287 2733 suo
310 2672 376 2734 loco
398 2671 437 2733 sit
457 2673 662 2753 disputatuma
683 2675 712 2734 iu
733 2672 831 2734 animo
851 2670 1042 2741 habebamus,
1060 2677 1153 2728 totum
1173 2665 1230 2728 boc

138 2771 289 2848 negotium
319 2769 415 2850 legare
445 2770 491 2842 iis,
519 2771 571 2850 qui
592 2770 629 2831 de
650 2769 757 2849 pedum
778 2767 952 2848 quantitate,
973 2765 1069 2842 deque
1093 2779 1230 2822 sennam

136 2863 247 2926 ratione
268 2864 514 2946 conscripserant.
557 2865 675 2937 Verum,
691 2883 758 2925 eum
771 2873 802 2924 et
814 2860 958 2922 maximus
972 2859 1016 2918 vir
1035 2859 1185 2930 Erasmus,
1198 2865 1230 2918 et

136 2971 203 3041 post
230 2981 299 3021 enus
328 2961 459 3041 plerique
478 2961 527 3022 alii
548 2962 590 3023 ita
613 2961 690 3020 hanc
713 2959 858 3021 conticere
891 2955 1070 3037 provinciam
1096 2953 1230 3033 aggressi

113 3125 118 3140 ι
136 3058 204 3129 sint,
218 3069 253 3117 ut
268 3067 298 3117 et
311 3056 361 3118 ille
384 3057 430 3118 bis
456 3078 515 3118 non
538 3075 635 3138 panes
657 3055 821 3136 reliquisse,
842 3051 915 3114 ethi
930 3049 1035 3112 eadem
1049 3049 1102 3110 illa
1113 3057 1165 3109 aut
1178 3067 1229 3110 ue·

137 3153 239 3225 scisse,
261 3163 314 3214 ant
338 3153 514 3232 praeteriisse
539 3147 593 3212 visi
614 3153 692 3221 siut;
722 3161 844 3212 coactus
866 3168 942 3222 snm,
962 3145 1081 3208 Silviole
1101 3145 1152 3218 dli,
1172 3144 1229 3206 bac

135 3267 252 3329 quoqne
273 3267 364 3329 opera
386 3249 541 3310 ostendere
566 3249 694 3310 animum
716 3267 787 3330 erga
801 3259 830 3309 te
852 3255 1004 3308 nostrum:
1032 3253 1075 3316 ut,
1096 3242 1228 3322 quemin

134 3345 232 3407 locum
247 3357 361 3406 uaturm
379 3366 436 3426 ope
457 3347 580 3426 teipsum
603 3345 725 3406 evehere
748 3345 935 3415 mirabamur,
957 3340 1065 3401 nostris
1091 3339 1228 3418 auspiciis

134 3444 299 3521 promoveri
325 3463 361 3504 ao
375 3443 528 3524 provenire
546 3461 582 3504 eo
603 3443 711 3523 possis.
754 3441 842 3513 Na'm,
866 3459 932 3501 cum
947 3433 1165 3519 pernecessaria
1177 3452 1228 3512 per

134 3559 166 3600 se
179 3539 313 3620 cognitio
325 3551 372 3601 est
384 3540 460 3620 ipsa,
470 3540 630 3600 tumetium
646 3540 671 3600 si
685 3559 744 3600 non
760 3548 851 3612 esset,
862 3537 999 3600 videntur
1013 3545 1110 3596 tamen
1121 3530 1174 3590 viri
1184 3528 1228 3588 illi

134 3635 222 3697 talem
238 3635 391 3704 effecisset
413 3638 474 3698 sive
498 3635 536 3696 ad
551 3655 651 3697 eornm
673 3635 904 3716 magnitudinem
919 3633 1061 3698 intuente,
1084 3623 1227 3708 quemad

135 3730 304 3814 hujusmodi
325 3733 557 3794 lucubrationem
577 3733 774 3807 demisissent,
795 3732 856 3793 sisa
871 3727 1081 3810 negligentiam
1100 3731 1227 3805 spectes,

134 3849 194 3908 qun
216 3828 351 3889 mutilam
370 3828 619 3910 depravatamque
641 3829 848 3908 relinquerent.
889 3826 934 3886 Ae
958 3823 1082 3902 primum
1106 3815 1226 3896 quideni

106 4005 107 4009 Ἰ
133 3944 222 4006 quam
238 3925 378 3986 Erasmus
392 3925 488 4000 affert,
502 3945 604 3987 vereor
614 3936 647 3985 ut
657 3924 830 4005 accipiendo
842 3923 881 3982 sit
890 3917 1052 3980 dubitatio:
1076 3915 1123 3986 sit,
1133 3930 1226 3974 necue

132 4022 220 4082 certis
245 4021 371 4101 pedibus
386 4023 507 4084 astricta
520 4023 684 4084 Comoedia.
728 4023 815 4094 Nam,
835 4033 1004 4098 quenquam
1025 4009 1225 4090 Quintilianus

129 4117 186 4176 boe
200 4116 312 4178 dixisse
326 4117 451 4192 videtur,
467 4137 527 4180 non
542 4130 642 4180 tumen
665 4117 775 4198 pedum
788 4117 870 4196 leges
894 4112 1002 4195 potius,
1024 4127 1112 4190 quam
1127 4107 1225 4176 trime,-

130 4223 240 4276 lrornns
265 4215 513 4296 prescriptionem
536 4215 734 4278 desideravit:
765 4231 862 4292 neque
888 4210 918 4271 ia
945 4206 1092 4279 omnibus,
1114 4202 1168 4266 sed
1195 4202 1226 4260 in
