2948 4890
245 339 310 406 128
614 352 708 400 nrvrr
734 351 972 422 ussurnsuro.

244 499 340 560 bicus.
381 495 506 568 Russus,
519 493 546 553 si
565 491 640 552 ‘ln'
662 499 803 554 abnectm
816 494 868 554 fini
882 513 983 555 uersus
1005 495 1211 574 praecedentis,
1233 515 1333 560 sersus

246 593 395 654 constabit
420 601 546 670 quatuor
574 588 709 650 creticiss
739 589 940 670 Denegando
967 591 1136 672 modo-quis
1162 591 1271 673 pu-dor
1291 605 1337 654 est

247 689 411 770 paululum.
452 688 484 746 Si
509 687 539 746 in
560 685 687 746 ‘modo'
708 685 800 746 facias
824 687 1034 768 pyrrhichium,
1055 691 1109 749 erit
1129 691 1257 750 trimeter
1276 699 1336 749 tro·

247 786 367 848 choicus
382 782 588 844 catalecticus:
605 782 803 862 Deae-gando
816 783 905 843 modo
915 785 980 864 quis
995 783 1105 864 pu·dor
1115 785 1336 864 est-paululum.

248 881 339 942 Porro
362 879 437 940 inter
450 879 590 940 iambicos
604 889 788 940 tetrametros
800 879 1007 940 acatalecticus
1021 891 1052 940 et
1070 880 1236 940 trochaicus
1250 890 1337 940 tetra·

248 986 358 1036 metros
382 975 570 1035 catalecticos
594 985 678 1036 muta
701 985 748 1036 est
768 977 906 1048 affinitas,
927 985 961 1036 ut
983 973 1127 1036 interdurn
1148 975 1219 1035 nibil
1233 977 1337 1038 referat
1467 1051 1468 1064 ἒ

248 1071 375 1132 eundem
389 1090 503 1132 versum
518 1083 615 1131 utrum
629 1091 680 1151 per
694 1070 806 1131 iambos
821 1090 858 1130 an
873 1092 925 1153 per
938 1070 1084 1131 trochaeos
1099 1071 1245 1148 metiaris:
1260 1071 1338 1131 velut

250 1169 278 1230 iu
294 1179 378 1228 actus
393 1168 470 1228 tertii
485 1185 575 1226 scena
588 1177 704 1246 quarte,
728 1173 736 1200 ⁴
750 1166 869 1227 Utinam
891 1167 963 1226 mihi
984 1175 1063 1226 esset
1076 1165 1186 1245 aliquid
1200 1166 1258 1238 hic,
1280 1187 1337 1246 quo

250 1282 330 1324 nuuc
343 1282 390 1322 me
405 1262 581 1342 praecipitem
596 1261 716 1320 darem!
756 1262 787 1322 Si
809 1262 918 1322 ‘mihi'
939 1262 1031 1323 iacias
1053 1262 1171 1323 unicam
1184 1262 1338 1342 syllabam,

250 1358 416 1418 trochaicus
429 1367 495 1418 est:
518 1359 541 1417 si
557 1357 643 1430 duas,
663 1358 804 1418 iambicus
818 1367 884 1418 est:
905 1358 993 1437 quale
1007 1367 1054 1418 est
1067 1369 1098 1418 et
1109 1359 1139 1418 in
1153 1369 1237 1420 actus
1251 1379 1282 1426 v.
1297 1378 1337 1418 sc.

252 1473 275 1514 ι.
291 1455 387 1514 ‘Satis
397 1452 459 1532 jam
474 1453 558 1524 satis,
572 1453 663 1524 Simo,
677 1461 810 1532 spectata
825 1473 896 1533 erga
910 1464 939 1513 te
953 1453 1080 1514 amicitia
1092 1464 1140 1513 est
1153 1453 1238 1513 mee!
1267 1455 1339 1514 Item

252 1567 397 1626 sequens:
419 1549 518 1608 ‘Satis
534 1546 634 1628 pericli
648 1548 723 1628 coepi
737 1547 828 1620 adire,
842 1547 944 1608 urendi
953 1550 1016 1626 jam
1033 1548 1120 1606 Ειειι
1135 1548 1219 1609 lace!
1260 1547 1340 1608 Licet

251 1663 305 1723 per
326 1644 437 1704 iambos
458 1644 504 1704 vel
528 1663 580 1724 pet
604 1643 750 1704 trochaeos
773 1643 878 1704 metiri.
921 1643 1018 1723 Hujus
1038 1644 1152 1723 genmh
1167 1654 1280 1704 suntet
1293 1645 1340 1704 alii

250 1739 425 1819 complures.

666 1947 920 1962 ψ*

574 2121 703 2187 RIVII
724 2119 1026 2188 casulanum.

255 2306 332 2368 Cusr
355 2305 511 2387 prodiisset
533 2325 611 2366 anno
633 2306 740 2366 abhinc
758 2305 818 2366 sere
842 2306 967 2386 septimo
995 2305 1160 2380 Terentius,
1183 2305 1343 2368 doctissimi
1467 2369 1468 2380 ,

254 2402 307 2462 siri
318 2402 446 2481 Philippi
461 2402 700 2462 Melanchthonis
714 2421 803 2482 opera
813 2400 1023 2482 diligentiaque
1034 2403 1197 2476 restitutus,
1207 2421 1268 2462 una
1277 2421 1344 2462 earn

255 2498 435 2576 argumentis
449 2497 580 2577 ejusdem
596 2507 626 2558 et
639 2495 899 2569 annotatiunculis,
920 2516 979 2557 non
1004 2497 1150 2560 mehercle
1164 2497 1220 2558 dici
1238 2506 1345 2578 potest,
1467 2503 1468 2534 ³

255 2605 397 2673 quantum
412 2593 468 2654 hoc
479 2596 595 2654 nomine
610 2593 708 2654 statim
722 2593 930 2674 gratulandum
944 2593 1086 2656 studiosis
1100 2595 1236 2654 omnibus
1248 2593 1345 2655 existi·

255 2689 376 2748 marim:
398 2689 486 2767 idque
500 2689 567 2768 jure
581 2689 656 2748 adeo
670 2709 706 2749 ec
720 2691 834 2750 merito.
875 2689 1020 2750 Videbam
1034 2690 1112 2750 enim
1126 2691 1187 2748 lore
1201 2689 1293 2761 brevi,
1315 2698 1347 2747 ut

255 2784 382 2862 optimus
406 2785 572 2844 Latinitatis
597 2795 708 2857 auctor,
730 2787 780 2864 qui
803 2785 963 2845 innumeris
987 2795 1056 2846 ante
1073 2783 1189 2843 mendis
1204 2784 1346 2855 scatebat,

255 2897 335 2940 nunc
349 2879 437 2959 paulu
450 2880 621 2959 castigatior
635 2881 735 2960 majori
759 2901 826 2940 cum
846 2880 1007 2960 voluptate,
1029 2887 1118 2958 atque
1142 2877 1218 2938 adeo
1239 2878 1347 2958 majore

256 2995 324 3036 cum
339 2976 444 3048 fructu,
467 2995 555 3056 quam
578 2986 676 3050 antea,
701 2996 720 3036 a
742 2975 955 3056 ludimagistris
976 2975 1109 3055 pueritiae
1131 2973 1346 3053 praelegeretur.

256 3072 333 3141 Qua
347 3071 422 3132 adeo
437 3090 496 3131 non
510 3070 615 3130 fefellit
628 3071 806 3149 conjectura,
821 3081 864 3142 ut,
884 3071 1033 3130 distractis
1048 3090 1157 3150 magno
1177 3071 1349 3150 bibliopola·

256 3187 319 3228 rum
330 3165 485 3226 commodo
497 3167 721 3244 exemplaribus,
733 3186 833 3226 rursus
844 3165 950 3226 excudi
961 3175 1077 3246 coeptus
1088 3167 1126 3226 sit
1134 3165 1347 3245 vitembergae:

256 3281 325 3322 mox
346 3281 365 3321 e
383 3263 471 3322 Joan.
496 3263 613 3322 Secerio
635 3263 810 3342 Hageuore:
833 3273 902 3342 post
921 3263 1009 3322 etiam
1031 3263 1253 3341 Norimbergas:
1273 3283 1348 3341 prae·

224 3384 238 3403 e
257 3367 339 3418 terea
349 3357 428 3438 apud
439 3357 592 3418 Coloniam
602 3357 803 3439 Agrippinam,
813 3361 850 3418 ab
861 3359 1006 3419 Eucherio
1018 3359 1141 3438 primum
1155 3358 1349 3420 Cervicorno:

256 3453 361 3513 iterum
376 3453 496 3514 aJcan.
519 3453 643 3514 Soterer
664 3456 749 3515 tertio
774 3455 901 3534 denique
915 3475 933 3515 a
946 3457 1034 3514 Joan.
1050 3454 1208 3533 Gymnico,
1221 3456 1283 3514 viro
1297 3475 1349 3537 op·

257 3547 340 3619 timo,
365 3548 477 3608 etmihi
492 3559 587 3610 vetere
602 3551 818 3614 necessitudine
831 3551 1083 3633 conjunctissimo.
1125 3549 1174 3608 Ad
1196 3549 1262 3611 hoec
1283 3553 1350 3610 Mc·

258 3644 370 3724 guntioe
384 3643 539 3724 aliquoties
554 3657 584 3706 et
597 3646 804 3726 Argentorati:
825 3658 859 3708 ut
879 3647 917 3707 de
939 3646 1044 3706 ceteris
1063 3653 1189 3705 taceant.
1231 3646 1349 3706 Interim

257 3742 400 3821 cumipse
415 3761 533 3821 quoque
553 3761 621 3801 eum
643 3753 791 3804 auctorem
806 3744 946 3806 studiosis
962 3741 1140 3822 quibusdam
1154 3743 1349 3804 enamandum

258 3838 465 3917 suscepissem,
485 3839 564 3900 sensi
579 3839 710 3913 tandem,
725 3840 755 3899 id
769 3841 849 3921 quod
863 3851 936 3914 erat,
959 3837 1231 3910 Melanchthonem,
1255 3837 1350 3918 graui-

259 3932 359 3992 oribus
373 3935 460 3992 rebus
475 3943 662 4014 occupatum,
682 3945 774 4014 utque
788 3937 852 4016 ipse
864 3956 918 4017 pro
931 3955 986 3996 sua
998 3933 1144 3996 modestia
1165 3933 1292 4012 ingenue
1306 3935 1354 4003 laq

257 4033 345 4099 letur,
367 4029 511 4088 veteribus
525 4030 666 4110 exemplis
680 4030 760 4092 baud
774 4033 845 4092 satis
864 4032 1049 4104 instnsctum,
1072 4049 1131 4090 nou
1153 4031 1190 4088 ab
1215 4029 1350 4090 omnibus

256 4122 378 4182 omnino
400 4124 515 4184 mendis
537 4125 627 4202 (absit
649 4125 758 4186 insidia
772 4126 865 4204 dicto)
879 4127 992 4188 Comici
1007 4125 1100 4186 nostri
1115 4123 1242 4184 Fabulas
1256 4123 1351 4184 vindi-
