2970 4900
620 365 756 414 uuontn
781 363 957 414 vttt'tttttttt

411 575 548 642 Hieron.
563 577 597 642 iu
611 575 784 654 Chronico,
800 575 933 662 Olymp.
948 577 1022 642 teo.
1037 595 1109 642 ann.
1122 579 1155 643 3.

295 709 335 774 P.
346 709 519 774 Terentius
540 707 832 790 Carthaginiensis,
857 705 1100 772 Gommdiarum
1121 706 1277 790 scriptor,
1293 708 1337 770 nh

253 812 417 893 ingenium
428 817 463 874 et
475 809 616 874 sormam
630 808 784 872 libertate
797 807 955 884 donatus,
970 807 1005 870 in
1020 805 1163 872 Arcadia
1176 809 1335 872 moritur:

253 917 311 999 qni
322 916 459 999 primam
469 909 638 987 Andriam,
649 915 829 992 antequam
840 907 1007 974 AEdilibus
1019 909 1184 986 venderet,
1193 907 1339 973 Cmcilio

252 1016 394 1100 (Acilio)
408 1013 543 1079 multum
560 1031 596 1076 se
611 1010 744 1076 miranti
756 1010 847 1092 legit.

283 1219 291 1238 .
423 1177 536 1242 Idem:
559 1175 601 1240 de
617 1175 755 1260 Optimo
769 1173 899 1276 Genera
914 1173 1164 1258 interpretandi.

294 1313 473 1378 Terentius
495 1309 723 1386 Menandrum,
744 1309 888 1374 Plautus
909 1315 943 1374 et
956 1307 1113 1376 eecttius
1127 1317 1254 1376 veteres
1276 1329 1336 1376 co·

254 1416 357 1479 micon
372 1411 575 1495 interpretati
589 1417 681 1476 sunt:
702 1409 865 1496 numquid
879 1409 1001 1476 haerent
1013 1411 1046 1476 in
1061 1412 1191 1476 verbtst
1215 1430 1257 1476 au
1270 1429 1336 1474 non

253 1516 406 1580 decorem
434 1513 538 1594 magis
561 1517 596 1576 et
620 1511 816 1594 elegantiam
839 1511 873 1574 in
893 1511 1102 1576 translatione
1127 1518 1334 1590 conservant,

255 1635 354 1701 qnam
369 1615 543 1680 veritatem
556 1613 854 1696 interpretationis'l

497 1779 602 1858 ldam,
624 1777 667 1844 ad
689 1779 825 1844 Sunium
846 1785 881 1844 et
902 1777 1088 1844 Fretellam.

296 1912 397 1977 Hane
418 1930 492 1976 esse
512 1909 660 1992 regulam
674 1911 754 1974 honi
776 1909 974 1994 interpretis,
996 1913 1033 1973 ut
1053 1908 1179 1974 idioma
1200 1909 1336 1974 alterius

254 2013 461 2094 linguaesuae
476 2011 598 2092 lingum
620 2013 787 2094 exprimat
808 2011 1024 2096 proprietate:
1047 2009 1136 2094 quod
1152 2009 1291 2094 quidem
1304 2019 1338 2074 et

253 2113 398 2178 Tullium
420 2113 454 2176 iu
468 2110 652 2194 Protagora
675 2109 840 2188 Platonis,
863 2117 897 2174 et
917 2110 952 2173 in
974 2107 1194 2174 OEconomico
1216 2107 1339 2174 Xeno·
1477 2129 1478 2198 j

253 2213 396 2299 phontis,
417 2217 450 2277 et
470 2212 505 2276 in
526 2211 755 2276 Demosthenis
775 2215 889 2276 contra
909 2209 1098 2276 AEsohiuem
1120 2209 1270 2275 oratione
1290 2213 1339 2276 fe-

254 2316 341 2380 cisse
363 2313 597 2387 convincimus,
622 2319 657 2376 et
678 2311 845 2388 Plautum,
866 2309 1063 2390 Terentium,
1085 2309 1338 2394 Coeeiliumque,

254 2412 491 2478 eruditissimos
505 2413 596 2478 viros
611 2415 645 2476 in
659 2409 792 2477 Graecis
807 2410 993 2478 Comoediis
1007 2410 1250 2476 transferendis.

613 2563 719 2644 Idem,
733 2564 778 2628 ud
793 2563 979 2630 Paulinum.

297 2679 412 2746 Habet
436 2681 692 2765 unumquodque
712 2684 919 2766 propositum
940 2683 1109 2766 principes
1130 2701 1222 2746 suos·
1268 2682 1340 2750 tto-

253 2782 340 2845 mani
362 2781 464 2846 duces
485 2782 654 2847 imitentur
679 2781 850 2861 Camillos,
873 2781 1057 2860 Fabricios,
1079 2781 1242 2864 Regulos,
1263 2785 1341 2850 Sci·

253 2881 392 2966 pioues:
415 2882 605 2965 philosophi
619 2888 806 2966 proponant
820 2881 885 2945 sihi
901 2881 1134 2965 Pythagoram,
1153 2883 1341 2962 Socratem,

254 2983 440 3059 Platonem,
454 2981 683 3048 Aristotelem:
706 2981 827 3047 Poeta
843 2981 1038 3046 aemulentur
1052 2981 1248 3060 Homerum,
1260 2981 1341 3047 Vir·

253 3084 377 3164 gilium,
394 3082 628 3159 Menandrum,
642 3081 844 3147 Terentium.

492 3237 622 3304 Paulus
638 3237 790 3315 Orosius,
809 3239 868 3302 lih.
883 3254 934 3302 tv.
948 3257 1026 3323 cap·
1041 3239 1094 3306 19.

295 3350 413 3433 Scipio
431 3353 503 3436 jam
517 3359 597 3418 tnnc
612 3359 831 3434 cognomento
845 3352 1040 3432 Africanus,
1060 3354 1270 3437 triumphans
1283 3375 1342 3418 ur·

252 3451 329 3515 hem
353 3452 522 3533 ingressus
544 3460 609 3529 est,
631 3471 729 3534 quem
743 3451 931 3526 Terentius,
956 3455 1014 3536 qni
1036 3461 1154 3537 postea
1176 3456 1342 3530 comicus,

252 3571 296 3615 ex
310 3553 476 3618 nohilihus
497 3551 813 3634 Carthaginiensium
834 3553 979 3636 captivis
1000 3553 1156 3636 pileatus,
1176 3553 1268 3636 qnod
1289 3555 1341 3616 in-

252 3649 354 3718 dnltoe
369 3653 434 3718 sibi
443 3653 608 3718 libertatis
622 3653 747 3734 insigne
761 3653 834 3730 init,
849 3653 1102 3736 triumphantem
1118 3660 1196 3734 post
1206 3671 1341 3718 cunum

253 3759 390 3817 secutus
403 3759 464 3817 est

254 3889 349 3950 Livius,
363 3891 409 3940 lib.
420 3904 489 3942 xxx.
501 3907 551 3942 uon
562 3893 685 3943 nomicum
697 3894 764 3943 hono
775 3893 906 3956 iutelligit,
922 3891 967 3940 red
986 3891 1018 3940 ed
1029 3891 1177 3941 Terentium
1189 3893 1344 3942 Culleonem

284 3977 428 4018 senatorem
442 3970 615 4034 liutmreiert,
632 3972 675 4035 qni
687 3972 755 4036 pileo
774 3973 855 4035 enpltl
873 3971 992 4034 imposito
1011 3979 1114 4020 secutos
1134 3979 1173 4022 eet
1189 3972 1345 4035 Scipionem

285 4045 482 4109 triumphantem
492 4065 499 4098 t
516 4055 588 4098 certe
599 4049 633 4098 de
645 4051 769 4101 alterutro
781 4051 930 4102 Quintiliani
941 4051 1019 4101 etiam
1034 4051 1105 4102 loeus
1121 4066 1156 4100 ex
1165 4053 1285 4102 Decium.
1295 4063 1344 4100 tx·

284 4125 466 4188 intelligendus
477 4133 526 4177 ert.
544 4128 738 4190 hirdntragim.
