2958 4892
247 397 313 464 194
422 415 456 463 r.
479 413 591 463 rsaru
616 411 715 462 ouss.
738 411 789 462 an
811 411 941 461 uaros
965 413 1160 463 assessu.

251 555 301 616 Sic
314 556 392 614 enirn
406 553 525 615 omuino
540 555 699 635 legendum
714 565 771 616 est.
813 555 858 615 lta
871 553 1007 628 Plautus,
1021 555 1089 616 med
1102 575 1183 634 erga.

293 651 340 711 lta
353 651 387 710 fit
399 661 440 723 et,
455 649 519 724 sed,
534 671 587 730 pro
602 670 652 720 se;
673 653 828 711 Terentius
844 651 937 711 Andr.
954 665 1011 711 act.
1027 671 1068 710 ru.
1084 673 1126 712 sc.
1139 657 1168 711 5.
1184 655 1213 710 2.

369 747 466 816 ‘Qum
481 746 536 806 sed
551 747 707 807 inhoneste
721 747 834 826 optarit
848 765 949 826 parere
964 747 1012 806 hic
1026 747 1166 806 divitias:

289 847 358 907 Jsu
375 843 552 924 disyllabum
567 855 623 913 est,
639 855 696 904 act.
714 863 753 905 11.
768 847 855 918 sc.,l.
869 845 919 902 29.

328 949 337 978 ⁴
354 943 467 1018 Profer,
480 945 552 1004 dum
565 939 734 1021 proficiscar
749 939 859 1019 aliquo,
875 959 912 998 ne
927 937 1061 998 videam:
1083 937 1152 998 sudi
1168 959 1248 999 nuuc
1271 939 1346 1000 iam!

249 1041 303 1100 Est
317 1041 494 1101 trochaicus.
522 1037 582 1098 Sed
595 1035 729 1115 hospius
744 1033 844 1096 decies
859 1034 939 1114 apud
955 1034 1095 1096 Plautum
1109 1033 1254 1096 invenias.
1275 1035 1347 1095 Pro·

248 1136 443 1196 nuntiandum
456 1133 542 1215 quasi
556 1133 582 1193 si
596 1132 737 1211 scripturn
751 1141 843 1204 esset,
857 1131 942 1190 Yam.

290 1231 357 1292 Hoc
370 1231 400 1290 in
413 1230 512 1312 primis
526 1245 648 1288 necesse
659 1235 707 1286 est
721 1226 898 1298 meminisse,
913 1245 951 1286 ne
965 1225 1032 1306 quis
1046 1225 1165 1286 fallatur
1178 1225 1209 1284 in
1224 1227 1346 1288 metien-

248 1325 288 1387 do
302 1327 440 1400 carmine,
460 1324 629 1385 Terentium
654 1323 692 1382 ab
710 1341 771 1382 uno
785 1341 893 1402 genere
908 1321 947 1382 ad
968 1321 1091 1384 alterum
1105 1321 1252 1382 interdum
1268 1333 1354 1382 trau:

248 1423 344 1490 silue:
366 1422 436 1502 quiu
451 1431 482 1481 et
494 1419 660 1480 trochaicus
674 1418 806 1490 iambeis,
826 1427 857 1478 et
877 1427 992 1491 contra,
1014 1417 1057 1478 sic
1078 1417 1289 1491 intermiscere,
1302 1427 1345 1489 ut,

248 1519 362 1598 absque
376 1517 508 1594 diligenti
522 1514 739 1586 observatione,
753 1513 784 1573 id
797 1513 879 1574 hand
892 1514 978 1574 facile
993 1513 1113 1574 sentias.

289 1609 1345 1692 Erro,utalioequisdamexclamationes,indignationes,interjectiones,

248 1709 396 1770 interdum
410 1719 494 1770 extra
506 1717 631 1768 metrum
645 1717 815 1780 censentur,
829 1717 863 1766 ut
876 1705 970 1766 Andr.
985 1715 1043 1766 act.
1060 1726 1102 1766 rs.
1113 1727 1155 1766 sc.
1171 1711 1201 1766 4.
1216 1709 1267 1765 27.

329 1811 338 1839 ‘
354 1805 429 1878 Eho,
444 1825 481 1866 an
496 1803 638 1864 nonest?
658 1811 737 1863 recte
752 1821 809 1882 ego
824 1821 939 1882 semper
953 1801 1081 1882 iugibus
1092 1801 1232 1882 nuptias?

249 1899 324 1960 Cum
340 1909 438 1958 antem
452 1899 494 1958 sit
504 1898 647 1958 iambicus
662 1897 806 1970 senarius,
820 1896 922 1956 ‘Eho'
937 1896 1025 1959 debet
1039 1907 1202 1958 esseextra
1214 1915 1343 1965 sersumr

247 2006 278 2058 et
291 1995 321 2055 id
337 1997 434 2057 Grreci
448 1995 633 2068 factitabant,
648 2004 682 2055 ut
695 2013 785 2074 supra
798 1995 976 2056 notavimus.

288 2091 442 2152 Postrema
456 2091 585 2152 omnium
599 2091 766 2152 observatio
785 2101 842 2165 est,
863 2107 966 2150 omues
990 2085 1111 2149 omuino
1136 2089 1266 2151 Fabulae
1291 2089 1346 2150 Te·

248 2189 332 2250 rentii
346 2188 376 2246 iu
390 2186 555 2248 trochaicus
570 2185 725 2254 desinere:
747 2185 829 2267 quod
853 2186 931 2248 idem
953 2185 991 2245 de
1013 2185 1150 2246 omnibus
1174 2185 1274 2246 Plauti
1288 2183 1347 2246 Co-

249 2283 366 2346 moediis
379 2301 479 2344 rerum
494 2301 560 2342 esse
583 2280 656 2342 scio.
697 2281 881 2361 Excipienda
904 2291 1004 2342 tamen
1027 2279 1145 2341 videtur
1168 2279 1345 2355 Pseudolus,

168 2365 172 2372 ’
249 2380 333 2460 cujus
347 2389 512 2460 postremus
525 2395 628 2450 versus
642 2386 708 2446 est:

330 2475 449 2554 ‘Atque
467 2475 630 2554 approbare
651 2472 731 2533 hunc
755 2491 885 2552 gregem,
906 2481 937 2536 et
962 2469 1111 2540 fabulam:
1133 2471 1346 2534 incrastinum

390 2588 442 2630 vos
456 2568 591 2629 vocabo!

251 2664 309 2727 Sed
328 2665 469 2726 audacter
491 2666 635 2726 affirmare
657 2665 768 2745 possim
783 2664 899 2726 duobus
914 2665 944 2724 in
958 2665 1032 2726 locis
1046 2683 1163 2726 versam
1176 2685 1266 2726 unum
1281 2685 1345 2727 cor·

249 2772 367 2842 ruptum
381 2781 458 2822 esse.
500 2761 575 2821 Eum
589 2760 632 2821 sic
646 2761 748 2841 leges:
770 2761 961 2841 Arquitene
980 2763 1145 2842 approbare
1163 2782 1294 2844 gregem
1317 2771 1346 2823 st

239 2857 398 2936 swainus.-
418 2861 450 2918 is
471 2859 634 2920 crostisssas
654 2877 703 2918 sss
723 2877 801 2919 soso.
844 2857 934 2927 Quod
948 2857 1037 2917 miror
1052 2877 1071 2916 a
1083 2858 1199 2918 nemine
1213 2859 1347 2918 animad-

249 2972 364 3014 versum
378 2953 480 3016 luisse.
521 2955 561 3014 At
584 2955 671 3026 istuc,
696 2953 838 3025 fabulam,
861 2952 1035 3032 disyllabice
1053 2953 1234 3032 pronuntiari
1247 2955 1345 3028 debet,

249 3068 286 3109 es
301 3050 410 3129 regulis
424 3062 455 3111 et
468 3049 610 3128 exemplis
632 3049 764 3128 superius
788 3048 904 3129 positis.
946 3049 1054 3110 Cetera
1077 3049 1153 3110 bene
1174 3050 1345 3130 procedent.

249 3145 283 3202 ln
298 3156 430 3206 extremo
447 3165 533 3204 versu
556 3145 700 3204 Asinariee
722 3156 769 3206 cst
788 3145 877 3206 etiam
899 3163 997 3206 error:
1019 3164 1088 3205 nam
1112 3143 1161 3206 ille
1182 3166 1283 3206 versus
1309 3167 1345 3208 ex

248 3241 411 3302 Trocbaico
434 3241 565 3322 legitimo
589 3241 686 3302 iactus
710 3253 757 3302 est
777 3240 946 3304 octonarius
969 3239 1093 3302 uitiosus
1118 3241 1234 3304 duobus
1259 3243 1344 3304 locis.

250 3335 300 3396 Sic
313 3335 422 3397 habet:

331 3438 339 3468 ¹
356 3431 467 3494 Remur
479 3434 624 3514 impetrari
639 3454 738 3514 posse,
759 3435 784 3496 si
798 3433 934 3516 plausum
948 3437 991 3497 sic
1004 3433 1117 3496 clarum
1131 3433 1230 3496 datis)

249 3523 679 3592 &mmfflffimmr

329 3626 441 3690 Remo
453 3629 608 3706 impetrari
616 3647 712 3706 posse,
725 3630 753 3688 si
761 3629 899 3708 plaustros
913 3631 1025 3691 clarum
1038 3628 1129 3691 datis.

248 3719 357 3794 Ceteri,
371 3721 422 3802 qui
436 3739 454 3782 a
466 3721 565 3802 Grege
577 3723 814 3804 pronuntiantur,
837 3733 868 3784 et
890 3723 970 3786 hunc
991 3725 1175 3804 praecedunt,
1197 3737 1268 3788 sunt
1281 3745 1346 3788 cer·

246 3815 351 3877 tissimi
366 3817 529 3880 Trochaici.

287 3913 361 3973 llaec
376 3916 479 3993 paucis
500 3915 628 3996 quidem,
650 3915 715 3990 sed,
740 3927 774 3978 ut
797 3937 896 3998 spero,
920 3937 957 3979 ea
971 3920 1044 3980 satis
1056 3920 1166 3980 luerint
1179 3918 1217 3979 ad
1232 3919 1285 3980 illa
1300 3921 1348 3980 in-

247 4009 408 4088 telligenda
422 4030 489 4088 quas
511 4012 541 4070 in
563 4013 669 4072 ceteris
683 4012 812 4074 Terentii
828 4013 947 4074 Fabulis
960 4015 1049 4095 paulo
1062 4015 1248 4097 impeditiora
1261 4016 1348 4077 vide·

119 4175 134 4186 ·
214 4179 217 4186 Δ
245 4105 365 4165 buntur.
407 4105 513 4184 Neque
534 4125 602 4167 vero
616 4109 687 4168 milri
705 4109 745 4169 ad
766 4109 945 4171 credendum
969 4111 1089 4173 difficile
1111 4122 1168 4184 est,
1189 4131 1258 4192 ques
1283 4111 1349 4173 dixi

246 4201 346 4272 rnodo,
367 4219 427 4260 non
450 4221 486 4262 ex
509 4223 596 4282 aequo
618 4205 753 4266 omnibus
772 4207 928 4286 probatum
941 4207 993 4275 iri:
1016 4207 1070 4268 sed
1084 4207 1123 4270 ad
1138 4219 1189 4269 eos
1203 4227 1348 4290 provoco,

245 4296 294 4376 qui
310 4296 466 4376 scriptores
481 4299 618 4378 antiquos
632 4302 757 4364 bene'ac
772 4303 929 4384 diligenter
943 4303 1077 4386 legerint.
