2978 4890
240 393 283 458 12
680 403 889 455 usurario.

219 635 221 642 Ι
240 571 308 628 um,
323 549 408 616 Attii
423 555 588 623 veternus.
605 546 748 613 Pacuvii
762 565 909 612 verrucae
930 565 1007 612 cum
1031 545 1118 611 fastu
1134 545 1335 628 repelleren-

242 661 309 731 tur,
331 656 365 716 et
378 651 584 717 exoletorum
600 649 775 714 verborum
791 647 932 714 foetores
947 647 1065 730 procul
1079 647 1336 724 famularentur,

241 753 442 820 Terentiano
456 753 574 818 saltem
590 755 694 816 metro
709 763 845 832 parcere
866 747 1024 814 debuerat
1043 748 1254 814 fastidiosum
1271 765 1335 812 sm-

214 895 220 908 ,.
243 857 367 934 culum,
382 861 416 922 et
428 855 513 921 satis
523 855 645 919 babere
654 851 823 918 nascentis
839 851 1048 934 Eloquentiae
1058 851 1129 936 jem
1141 850 1218 914 inde
1231 868 1252 914 a
1266 851 1337 933 pri·

241 959 307 1022 mis
320 957 532 1023 incunabulis
547 963 583 1020 et
598 955 766 1037 vagitibus
782 953 1005 1038 persingulas
1020 960 1141 1019 aetates
1153 953 1336 1016 incremen-

242 1067 350 1126 torum
363 1059 503 1141 vestigia
518 1057 719 1123 contudisse.
763 1055 917 1120 Habebit
930 1055 1040 1137 igitur,
1056 1055 1089 1118 in
1101 1073 1168 1138 quo
1182 1071 1219 1117 se
1238 1070 1335 1116 exer-

242 1167 318 1227 ceat
332 1161 395 1226 Vir
410 1159 462 1226 Gl.
476 1159 666 1225 Richardus
681 1159 867 1237 Bentleius,
878 1159 918 1236 si,
929 1158 1020 1242 quod
1032 1157 1075 1222 ad
1088 1157 1212 1220 Horat.
1228 1154 1336 1220 Serm.

244 1279 283 1327 rt.
298 1265 330 1328 ὀ.
338 1263 391 1328 79.
402 1281 478 1348 pag.
488 1263 562 1328 513.
576 1261 761 1346 profitetur,
772 1261 953 1344 aliquando
967 1279 1090 1325 noram
1100 1257 1242 1324 Terentii
1254 1256 1336 1322 Edi·

241 1365 364 1430 tionem
382 1365 425 1431 ad
441 1366 574 1448 priscos
588 1383 740 1430 numeros
754 1363 973 1429 adornetums
988 1369 1047 1427 est.
1092 1361 1193 1438 Saue,
1210 1360 1269 1443 qui
1283 1377 1340 1424 ra·

241 1467 367 1532 tionem
383 1467 550 1532 metricam
573 1469 606 1532 in
628 1467 785 1532 Terentio
799 1465 899 1530 certis
912 1465 1041 1547 iegibus
1055 1463 1202 1528 innixam
1217 1463 1337 1526 astrio-

242 1565 379 1652 tamque
400 1568 479 1633 dare
497 1569 599 1648 volet,
623 1566 815 1632 Terentium
838 1566 960 1650 ipsum,
979 1565 1064 1630 sorte
1085 1569 1119 1629 et
1141 1563 1283 1628 Laelium
1301 1571 1338 1629 et

243 1673 446 1758 Scipionem,
455 1661 499 1736 ab
511 1671 631 1737 inseris
641 1671 766 1735 excitet
779 1689 918 1734 necesse
932 1675 993 1734 est.
1020 1667 1099 1734 Nisi
1111 1667 1244 1732 crebras
1258 1687 1337 1752 syn·

243 1774 409 1858 aloepbas,
428 1773 715 1859 episynaloepbas,
739 1773 941 1850 collisiones,
965 1771 1132 1848 elisiones,
1156 1777 1337 1836 sexcentas

242 1875 396 1940 licentias
411 1875 497 1940 alias
510 1875 613 1959 probe
628 1877 781 1958 cognitas
795 1873 929 1950 babeat,
945 1878 1045 1956 atque
1062 1871 1269 1938 inde'versus
1280 1889 1337 1936 ca-

242 1977 425 2054 talecticos,
451 1977 699 2053 acatalectioos,
712 1973 1069 2058 brachycatalecticos,
1083 1971 1338 2056 hypercatalec-

242 2080 332 2144 ticos
345 2080 544 2159 constituat3
566 2077 631 2142 nisi
646 2078 727 2142 inter
742 2075 917 2140 scribentis
933 2072 1061 2151 Poene,
1083 2075 1231 2156 interque
1253 2073 1338 2138 His-

241 2183 382 2246 triouum
394 2181 508 2258 verba,
523 2179 584 2244 sed
600 2187 635 2243 et
650 2178 928 2262 interpolatorum
941 2176 1130 2253 audaciam,
1142 2175 1273 2239 demum
1288 2175 1338 2239 in-

242 2279 476 2348 teriunumern
500 2281 569 2346 fere
584 2281 788 2346 Variantinm
812 2279 1012 2344 Lectionum
1035 2277 1189 2354 divortia,
1215 2295 1237 2341 e
1259 2277 1339 2342 titu-

242 2384 353 2448 bantis
368 2383 491 2448 calami
505 2383 657 2466 lapsibus
670 2389 758 2459 orta,
768 2381 990 2446 certissimum
1004 2380 1140 2463 ubique,
1155 2379 1245 2462 qnod
1256 2377 1340 2442 mibi

241 2485 374 2568 quidem
398 2487 426 2546 b
449 2483 592 2558 ἀδυνάτοις
615 2503 745 2569 semper
760 2484 870 2548 visum
883 2481 956 2562 suit,
983 2481 1163 2546 discrimen
1176 2479 1337 2563 indigitet,

242 2593 286 2664 ot,
301 2586 471 2669 quodnam
486 2587 697 2669 potissimum
712 2585 773 2650 iter
787 2584 942 2648 insistere
956 2587 1122 2667 oporteat,
1137 2583 1237 2666 quasi
1250 2581 1339 2648 diri-

243 2707 306 2752 nus
338 2687 526 2752 Mercurius
555 2687 721 2765 ostendat,
746 2685 869 2750 frustra
893 2686 1026 2750 iuturus
1048 2693 1111 2762 est,
1135 2685 1339 2769 quicumque

243 2807 334 2873 opus
347 2788 412 2855 boc
427 2789 535 2854 moliri
549 2807 695 2872 unquam
706 2788 805 2854 volet.
839 2787 976 2852 Fuerint
988 2788 1062 2853 baec
1077 2787 1156 2852 olim
1169 2786 1259 2870 apud
1275 2805 1338 2852 ste·

244 2891 355 2958 culum
373 2889 545 2956 Comicum
561 2897 643 2956 uota
662 2889 792 2956 Ietinis
815 2890 968 2970 auribus;
990 2887 1114 2954 suerint
1133 2889 1185 2954 bre
1204 2887 1337 2954 deliciae

242 2991 385 3076 prolutis
408 2993 475 3056 illis
498 2989 612 3070 labris,
636 2989 755 3056 Attico
777 2993 880 3069 melli,
906 2991 1020 3056 'Pasce
1042 2991 1149 3075 lepori
1172 2991 1338 3070 assuetis3

242 3095 409 3158 enimvero
433 3093 501 3158 alia
524 3101 647 3158 nostrae
671 3094 783 3158 aetatis
798 3092 970 3158 bominum
987 3093 1074 3157 ratio
1093 3098 1160 3172 est;
1183 3099 1338 3177 essetque

220 3203 223 3210 '
242 3195 320 3270 elia,
341 3195 469 3277 opinor,
484 3194 515 3258 si
529 3196 675 3259 maxime
697 3195 889 3280 Scriptores
913 3195 1087 3274 Metricos,
1109 3199 1143 3259 et
1159 3193 1221 3280 rugi
1236 3200 1292 3258 τῶν
1311 3195 1339 3256 tr

241 3295 376 3380 ποιήμασι
389 3303 536 3382 ταραχῶν,
552 3317 628 3362 cnm
644 3296 797 3377 Graecos,
821 3305 891 3363 tum
908 3297 1082 3363 Romanos
1096 3297 1196 3380 longa
1209 3295 1335 3362 dudum

241 3419 306 3464 non
322 3398 496 3463 delevisset
510 3397 594 3462 dies.
640 3399 761 3464 Dicam
776 3401 877 3465 etiam
898 3399 1063 3483 amplius3
1086 3397 1221 3464 facilius
1235 3398 1339 3464 fuerit

241 3501 438 3585 Taraxippo
460 3519 621 3583 equorum
646 3501 682 3564 in
708 3499 946 3586 Hippodromo
974 3503 1173 3566 currentium
1195 3517 1337 3584 pavores

242 3621 466 3681 averruncare,
489 3621 589 3686 qnam
601 3603 661 3668 ulli
678 3603 818 3670 Scenico
834 3605 974 3671 Numini
998 3604 1214 3669 Histrionnm
1233 3601 1338 3668 offen-

241 3706 351 3770 siones
365 3723 423 3769 sea
438 3723 624 3788 procurare,
640 3725 702 3770 seu
714 3707 840 3772 tollere.
883 3705 954 3772 Aut
967 3707 1068 3790 igitur
1082 3705 1263 3770 nesciocui
1275 3703 1341 3768 du-

242 3827 287 3872 rae
307 3811 341 3871 et
360 3825 472 3870 cnseae
500 3805 646 3871 licentiae
666 3807 911 3890 indulgendum,
934 3815 992 3874 aut
1012 3809 1095 3873 bene
1120 3807 1225 3872 multa
1238 3810 1287 3873 ita
1300 3809 1338 3872 in

242 3909 327 3973 elias
348 3907 473 3972 formas
492 3907 666 3986 varianda,
689 3915 725 3972 nt
746 3910 934 3976 Terentium
958 3911 992 3974 in
1016 3911 1173 3975 Terentio
1195 3927 1338 3994 quaeras.

243 4009 373 4074 Horum
387 4017 495 4074 utrum
511 4010 622 4074 minus
636 4029 775 4076 necesse
792 4014 846 4090 sit,
862 4014 969 4078 dicam
982 4014 1077 4097 quasi
1092 4011 1268 4077 eCensore
1283 4033 1339 4077 ro·

209 4179 210 4184 ,
243 4117 352 4192 gatus,
370 4127 420 4176 nx
445 4129 559 4177 aaran
584 4115 909 4192 scurnur1A,Non
929 4117 1041 4182 video.
1084 4113 1186 4178 Metti
1200 4114 1336 4198 quidem

243 4213 442 4282 mentionem
464 4215 544 4282 lacit
558 4216 713 4282 Donatus
728 4217 772 4282 ad
788 4217 921 4286 Pborm.
935 4235 958 4286 1.
973 4219 1006 4286 t.
1017 4216 1072 4283 48.
1096 4223 1130 4282 et
1151 4216 1230 4282 alibi
1253 4235 1336 4280 non·
