2948 4890
271 353 316 422 96
501 373 683 424 otuinus
707 374 853 424 nurnsrr
879 376 1142 430 ursssnrnrro.

272 533 337 574 sum
352 523 408 586 est,
423 533 537 575 omnem
551 535 650 578 veram
665 517 859 580 eruditionem
872 539 909 580 ex
923 520 980 582 hoc
995 541 1055 582 uno
1069 522 1151 582 fonto
1165 521 1364 602 limpidissimo

270 609 439 690 petendam.
480 611 626 672 Charinus
650 623 747 672 autem
773 615 871 674 Plauti
895 615 933 675 ad
958 617 1147 696 frigiditatem
1170 639 1264 697 usque
1280 620 1365 692 calet,

271 723 360 784 quam
374 725 433 766 non
448 709 544 788 potuit
556 709 658 770 vitare.
700 711 808 780 Qualia
830 721 901 772 sunt
920 711 987 786 ista,
1012 715 1109 774 Scene
1130 715 1263 776 ‘Dirum
1277 727 1365 795 atque

270 801 452 862 hominumr'

549 898 616 960 dam
629 901 760 982 Cyprum
774 901 850 976 veni,
864 903 921 964 dre.

269 995 354 1069 Item,

348 1087 438 1154 Porro
452 1095 620 1172 proficiscor
634 1095 801 1176 quesitum.
843 1095 931 1155 Nunc
945 1095 1063 1175 perveni
1078 1095 1261 1158 Chalcidem.

347 1188 443 1249 Video
457 1189 496 1249 ibi
507 1191 652 1270 hospitem
666 1191 827 1271 Zacyntho.
869 1193 945 1252 Dico
958 1192 1031 1272 quid
1043 1213 1079 1253 eo
1093 1193 1260 1254 advenerim
1274 1215 1281 1254 r

348 1284 458 1364 Rogito
472 1287 537 1365 quis
549 1305 614 1347 eam
628 1289 749 1362 rexerit,
762 1289 828 1368 quis
842 1289 951 1349 habeat
965 1288 990 1348 si
1004 1289 1043 1348 ibi
1057 1289 1240 1350 inaudivcrit.

346 1382 465 1462 Hospes
479 1384 640 1464 respondit,
654 1383 804 1465 Zacyntho
818 1385 892 1445 licus
905 1385 968 1444 fieri
981 1403 1041 1445 non
1055 1384 1160 1446 melas.

266 1493 357 1555 Vides
370 1494 519 1555 hominem
533 1505 593 1556 tam
607 1495 729 1568 tristem,
749 1505 784 1555 ut
796 1495 918 1556 festivus
933 1513 999 1556 esse
1013 1505 1137 1575 quaerat.
1179 1496 1222 1554 At
1243 1495 1360 1558 divinus

265 1589 322 1649 hac
335 1591 364 1649 in
378 1600 471 1669 parte,
494 1589 570 1651 duos
585 1601 730 1652 amatores
744 1591 774 1649 in
790 1591 945 1664 Eunucho,
968 1609 1127 1664 memore,
1147 1589 1315 1652 Phaedriam
1329 1603 1360 1654 et

266 1685 431 1759 Choeresm,
445 1685 584 1748 divinitus
599 1699 764 1768 utrumqne,
778 1692 916 1759 ἠθοποιεῖ.
944 1687 1043 1755 Quare
1055 1707 1121 1748 cum
1133 1687 1234 1747 Poetae
1245 1707 1358 1774 omnes,

264 1803 386 1863 quorum
395 1783 557 1843 imitatione
566 1793 684 1845 constat
693 1785 858 1844 institutum
872 1803 907 1844 ac
920 1783 1087 1856 consilium,
1097 1783 1242 1862 pictorum
1256 1785 1358 1856 instar,

263 1888 339 1938 teste
353 1879 528 1938 Criticorum
542 1879 625 1958 Rege
640 1899 675 1940 ac
691 1879 838 1958 Principe,
852 1889 904 1938 aut
918 1877 1039 1950 similes,
1050 1887 1101 1937 aut
1114 1877 1207 1956 (quod
1219 1897 1278 1938 oon
1293 1899 1358 1940 raro

262 1975 369 2046 evenit,
382 1973 429 2034 vel
443 1974 573 2052 imperite
585 1980 631 2035 κοί
648 1979 678 2049 ἐξ
689 1979 847 2048 dederetur,
862 1975 908 2035 vel
918 1974 1058 2054 captandi
1072 1975 1147 2034 risus
1160 1977 1263 2050 causa)
1277 1995 1356 2038 nunc

261 2071 377 2154 pejores
386 2089 474 2151 quam
484 2081 553 2130 eunt
561 2072 820 2151 exprimant,nunc
829 2071 980 2140 meliorem
992 2091 1091 2131 servos
1099 2070 1213 2152 pejores
1222 2071 1356 2146 Plautus,

261 2178 296 2228 ut
303 2165 639 2248 plurimumrTereotius
647 2165 701 2228 hos
712 2165 953 2248 sempersimiles,
961 2167 1177 2237 nonmeliores;
1188 2167 1355 2229 meretrices

260 2283 331 2325 vero
348 2263 453 2342 partim
468 2261 579 2323 similes
593 2265 698 2344 partim
711 2263 847 2323 meliores
862 2261 1020 2341 aliquando
1034 2261 1211 2324 introducit:
1235 2263 1356 2338 similes,

260 2373 295 2422 ut
305 2361 465 2422 Thaidem:
488 2361 637 2432 meliores,
648 2373 682 2418 ut
695 2357 883 2419 Bacchidem.
904 2357 1055 2418 Parasitus
1067 2377 1181 2438 semper
1196 2359 1354 2420 deteriores

261 2469 292 2518 et
304 2461 468 2520 veraciores
487 2459 623 2529 Plautus,
643 2473 793 2534 nunquam
808 2455 954 2516 meliores.
997 2454 1037 2513 Ut
1050 2463 1081 2513 et
1103 2453 1290 2526 Dossennus,
1304 2457 1356 2534 qui

259 2553 314 2614 hos
327 2555 407 2614 solos
417 2554 627 2635 propemodum
637 2554 769 2625 curabat,
779 2553 809 2611 in
819 2551 954 2632 personis
965 2549 1085 2629 reliquis
1097 2553 1248 2612 ἐκπίπτον.
1260 2551 1355 2612 Phor·

258 2652 317 2710 mio
340 2651 535 2712 Terentianus
555 2648 643 2730 plane
656 2658 703 2708 est
716 2645 928 2707 admirandus:
951 2655 1028 2706 utet
1042 2645 1172 2708 Gnatho.
1214 2645 1354 2720 Plautini,

258 2747 329 2824 quia
341 2741 432 2806 risum
445 2755 593 2826 quaerunt,
607 2743 758 2804 veritatem
771 2753 802 2801 et
826 2761 960 2802 sermone
984 2753 1015 2800 et
1035 2743 1189 2802 sententiis
1205 2741 1353 2802 amittunt.

257 2841 329 2902 'l'res
353 2843 476 2903 virtutes
494 2840 572 2901 enirn
597 2858 702 2912 sermo,
726 2857 814 2916 quem
828 2856 889 2898 non
903 2835 967 2895 sine
980 2855 1072 2896 causa
1085 2837 1202 2898 Ἠθικὸν
1215 2837 1354 2898 dixerunt

258 2937 367 3011 Graeci,
381 2957 436 2999 uos
460 2937 610 2997 Moratum
634 2933 769 3005 dicimus,
794 2931 984 3011 AEquitatem,
999 2950 1115 3011 nempe,
1136 2931 1308 3005 Veritatem,
1322 2943 1353 2993 et

257 3031 492 3110 Simplicitatem,
503 3029 655 3109 postulat:
681 3047 748 3106 quse
766 3027 797 3086 rh
811 3027 982 3100 ἐνδιάθετον,
1005 3027 1063 3086 hoc
1077 3037 1133 3100 est,
1147 3027 1176 3086 id
1191 3025 1271 3105 quod
1286 3027 1352 3086 uni·

255 3127 361 3205 cuique
373 3136 420 3187 est
432 3125 563 3198 insitum,
576 3125 615 3184 oh
629 3123 732 3184 oculos
746 3123 893 3203 proponit.
923 3124 1000 3182 Cum
1013 3122 1178 3196 ridiculum,
1192 3133 1226 3182 ut
1238 3122 1351 3184 violen-

255 3233 329 3295 tum,
344 3221 414 3302 quia
427 3243 446 3282 a
459 3231 566 3282 natura
584 3219 722 3290 alienum,
745 3217 826 3298 qnod
840 3228 918 3278 recte
932 3217 970 3278 de
984 3237 1021 3278 eo
1031 3217 1204 3280 Aristoteles
1219 3239 1350 3299 pronun-

254 3317 319 3390 tint,
333 3327 501 3398 corruptum
516 3316 564 3388 sit,
578 3325 610 3376 et
623 3315 797 3394 acorruptis
810 3313 920 3385 causis,
942 3313 1024 3392 quod
1038 3313 1100 3393 jam
1113 3313 1173 3372 dixi
1187 3325 1350 3376 moveatur.

255 3413 416 3486 Moratum,
429 3412 499 3493 quis
512 3412 607 3472 simile
628 3419 675 3470 est
688 3419 811 3480 naturae,
834 3407 938 3468 leniter
951 3407 1100 3470 delectat:
1131 3409 1212 3489 quod
1225 3420 1349 3470 aetatum

254 3507 447 3588 singulamm,
469 3507 630 3580 hominum,
656 3524 692 3566 ac
705 3503 868 3578 nationum,
890 3504 1041 3584 totiusque
1058 3507 1138 3578 vitas,
1160 3507 1349 3566 simulacrum

253 3605 403 3686 quoddam
419 3623 454 3664 ae
477 3605 644 3683 imaginem,
666 3602 697 3661 in
722 3619 813 3662 scena
836 3610 1038 3680 representat.
1081 3601 1173 3663 Plane
1187 3612 1221 3662 ut
1234 3601 1350 3681 pictura

253 3721 322 3780 qum
336 3720 355 3761 s
367 3719 435 3761 vero
449 3701 521 3771 abit,
535 3711 566 3760 et
588 3699 635 3759 vel
649 3698 808 3759 cubitalem
832 3715 949 3769 nasum,
963 3697 1008 3758 vel
1024 3696 1180 3758 distortum
1193 3717 1228 3758 os
1251 3699 1348 3759 facete

252 3805 455 3877 repraesentat,
474 3797 565 3856 risum
579 3805 693 3855 movete
719 3793 822 3854 similis
842 3793 982 3854 delectat.
1022 3793 1120 3873 Atque
1133 3793 1190 3854 hoc
1204 3795 1348 3873 estquod

252 3911 355 3953 omnes
377 3893 509 3953 tribuunt
523 3889 697 3960 Menandro.
722 3909 811 3970 quem
838 3891 993 3950 Terentius
1017 3890 1170 3971 expressit.
1213 3889 1255 3949 Ut
1270 3891 1348 3951 Her·

252 4005 409 4067 mogenes:
430 3977 517 4067 llapt
530 4013 561 4048 re
575 3992 650 4070 οίνπρνΙ
665 3985 822 4066 Μενάνδρῃ
836 3989 873 4045 ὃν
895 3991 981 4066 μυρία
996 3989 1083 4063 εὔρου
1096 3995 1210 4048 τοιοῦτο
1224 3991 1270 4046 rol
1295 4013 1347 4063 γο-

253 4091 349 4144 ναῐκαε
362 4085 512 4160 heroicos,
527 4088 572 4144 rui
586 4089 749 4144 νεανίσκους
758 4085 889 4162 ipimus,
903 4086 948 4142 καί
964 4087 1125 4161 μαγείρους,
1138 4087 1183 4141 sul
1194 4087 1347 4160 πορθίνονο

251 4183 449 4260 θροππομένον,
473 4187 520 4241 καί
544 4203 619 4244 rurus
632 4184 744 4242 dhhour'
769 4180 839 4242 dhus
852 4203 883 4240 re
898 4177 945 4240 tre
965 4179 996 4240 rh
1015 4181 1182 4242 ὑποπίπτειν
1200 4185 1237 4260 spi
1261 4183 1347 4262 ἠθικᾷ
