2958 4892
437 399 487 448 ne
509 397 662 450 consors
684 399 883 450 veressus.
1139 384 1205 450 1oe

106 541 295 622 appellatam.
323 539 384 602 Sed
397 540 436 600 ab
446 538 676 602 Atheniensibus
691 559 786 621 pagos
797 558 856 602 oon
872 543 974 620 stipor,
987 559 1087 602 serora
1101 539 1204 620 dipsas

104 638 212 700 uocari
254 637 395 698 Similiter
415 647 447 698 et
470 635 616 716 quosdam
641 637 873 718 Peloponnesios
888 637 931 696 ait
944 655 1030 696 suum
1045 637 1141 698 iacere
1155 638 1204 697 in·

105 745 224 792 sentum
236 731 434 811 Tragoediam,
454 732 536 812 quod
559 731 668 792 iabaise
689 730 818 811 δράματι
842 731 990 802 dicantus,
1014 751 1082 792 cum
1102 743 1202 791 tamen

107 827 335 888 Atheniensibus
348 828 378 888 io
392 845 450 888 usn
464 845 523 888 non
538 827 578 888 sit
590 827 711 888 verbum
724 827 807 906 δρᾷν,
829 827 882 890 sed
904 827 1047 906 πράττειν.
1090 825 1204 888 ibidem

107 934 135 984 et
153 923 212 984 boc
232 923 375 1004 scriptam
388 934 444 984 est.
486 923 534 984 Ab
556 943 592 984 eo
615 923 733 986 demum
746 936 878 1005 tempore
890 923 1052 984 Comodiae
1067 931 1204 984 suctores

107 1019 256 1096 celebrari,
279 1039 340 1099 qno
362 1019 487 1081 immam
497 1020 549 1081 iiis
562 1030 593 1080 et
606 1021 734 1100 speciem
747 1019 898 1100 quandam
911 1029 1002 1080 necta
1013 1019 1110 1092 luerit,
1134 1039 1203 1078 cum

107 1116 248 1196 principio
261 1117 390 1176 obscura
403 1125 494 1190 esset,
508 1127 538 1178 et
547 1127 683 1180 auctores
696 1117 789 1197 ipsius
803 1117 937 1178 laterent.
969 1115 1029 1176 Sed
1040 1114 1204 1186 Comoedis,

107 1231 173 1291 ana
184 1211 291 1292 priscis
305 1213 485 1292 temporibus
500 1213 530 1273 in
544 1233 601 1274 usu
614 1214 681 1287 luit,
701 1233 763 1293 qao
781 1211 955 1274 nominatim
976 1212 1008 1272 bi
1029 1223 1082 1272 aut
1093 1213 1202 1292 impro-

106 1309 158 1368 bos
180 1318 234 1368 aut
257 1307 392 1370 inimicos
414 1327 485 1370 suos
507 1310 757 1391 perstringebaut,
777 1309 941 1389 prircipum
963 1309 1053 1368 etiam
1074 1307 1201 1368 rirornm

107 1404 192 1464 vitam
206 1413 239 1464 et
249 1421 347 1466 mores
361 1405 622 1486 reprehendentes,
643 1407 709 1467 bsec
725 1407 814 1487 igitur
828 1405 950 1484 antiqua
964 1403 1045 1465 dicta
1056 1413 1113 1464 est.
1154 1403 1203 1464 Da

107 1499 189 1578 cnjus
201 1499 324 1560 licentia
337 1501 528 1579 rupedsiodm
540 1503 630 1584 volgo
641 1503 741 1564 disere
752 1521 815 1576 eos,
825 1503 878 1582 qui
891 1501 1005 1581 probris
1018 1500 1204 1560 lacesseren-

107 1608 159 1655 tur.
201 1595 301 1675 liujus
315 1606 417 1656 erector
431 1597 647 1659 vetustissimus
662 1597 828 1659 nominatur
842 1596 998 1678 Sannysio.
1032 1595 1093 1656 Sed
1106 1597 1203 1659 excel·

104 1692 195 1754 lentes
208 1695 303 1763 isere,
317 1692 497 1772 temporibus
510 1693 581 1755 beili
595 1693 814 1776 Peloponnesii,

225 1831 348 1913 Eupolis
362 1843 451 1916 atque
466 1833 616 1910 Cratinus,
630 1835 902 1918 Aristophanesque
915 1837 1023 1916 poitur.

108 1990 177 2051 iisse
192 2002 299 2070 postes
311 1989 368 2051 luit
380 1999 505 2066 mutata,
519 2011 587 2054 com
601 1993 747 2068 dolerent,
761 2007 795 2056 nt
806 1993 903 2076 inquit
916 1993 1066 2068 iioratins,
1078 2003 1201 2056 cruento

105 2085 190 2148 dente
203 2086 346 2148 lacessiti.
376 2089 452 2148 Tum
465 2107 573 2152 nomen
587 2091 716 2153 obtinuit
729 2089 851 2166 Medica,
864 2111 932 2172 qum
946 2090 1134 2153 dissimulato
1145 2109 1200 2152 no·

106 2183 181 2243 mine
193 2183 266 2244 sitia
280 2194 395 2244 mutum
408 2185 592 2264 exagitaret:

759 2325 927 2398 Quinetiam
941 2328 989 2388 iex

219 2418 376 2578 ggqqqqe
389 2421 462 2497 iata,
476 2424 556 2485 maio
569 2445 638 2506 quse
651 2423 745 2486 noiiet
759 2425 889 2486 carmine
903 2441 1072 2506 quenquam

106 2663 201 2740 Atque
214 2661 315 2722 ferunt
328 2661 456 2742 Eupolis
469 2663 499 2724 in
515 2663 588 2726 mari
609 2665 804 2738 submersum,
828 2665 866 2726 ab
886 2665 923 2725 iis
942 2681 1018 2746 quos
1032 2662 1199 2724 maledictis

106 2757 238 2819 laesisset.
279 2759 355 2819 Tam
379 2761 468 2840 igitur
487 2761 710 2842 Tragoediarum
724 2763 784 2822 iere
798 2770 973 2839 argumenta
986 2758 1155 2819 detulerant
1167 2758 1198 2818 iu

107 2873 231 2927 scenam,
254 2865 368 2916 retexta
391 2856 432 2916 ad
454 2857 610 2919 ridiculum
625 2857 766 2918 modum:
787 2855 884 2937 deque
897 2855 955 2916 boc
969 2873 1077 2932 genere
1090 2851 1199 2914 cborus

106 2951 242 3028 paulatim
256 2951 390 3014 delinxit.
431 2955 465 3013 in
480 2971 540 3034 quo
553 2973 616 3036 prss
629 2953 737 3016 ceteris
750 2954 848 3015 clarus
869 2951 926 3012 init
948 2949 1035 3011 Plato
1057 2951 1198 3012 comicus.

107 3045 192 3109 lianc
205 3059 309 3110 secuta
321 3059 369 3110 est
383 3069 461 3112 nova
475 3051 639 3124 Comoedia,
661 3049 691 3110 in
714 3069 774 3130 qua
793 3047 902 3130 primes
916 3047 1012 3108 tenuit
1024 3045 1200 3120 Menander,

104 3145 230 3222 potiente
244 3163 340 3206 rernm
354 3145 524 3209 Alexandro
538 3167 666 3230 magno:
686 3159 775 3230 etqua
789 3147 854 3207 bac
868 3143 990 3206 eborum
1004 3143 1125 3204 omnino
1137 3157 1200 3202 non

104 3237 200 3314 babet,
230 3242 286 3302 sed
308 3255 414 3304 ornatu
438 3245 519 3305 vario
544 3255 574 3305 et
597 3244 754 3326 multipiici
777 3257 968 3324 pemooarum
992 3239 1118 3318 insignis
1141 3246 1199 3300 est.

104 3335 199 3416 Atque
212 3337 280 3400 bero
293 3337 451 3400 indicanda
463 3341 590 3402 breviter
601 3351 632 3402 et
646 3341 770 3404 strictim
783 3338 896 3420 putavi,
917 3335 955 3398 de
975 3335 1066 3396 initiis
1081 3349 1116 3396 ac
1130 3350 1200 3416 pro-

103 3435 303 3512 gressionibus
316 3437 478 3498 Gomoedise
492 3435 572 3518 apud
587 3439 722 3502 Grecos.
763 3433 853 3518 Apud
868 3433 987 3495 Latinos
1002 3441 1110 3504 wiern,
1132 3450 1200 3493 sce·

102 3529 183 3591 nicos
204 3531 293 3592 iudos
317 3533 469 3593 institutos
490 3534 581 3595 luisse
604 3535 641 3596 Ο.
663 3535 710 3595 vei
731 3542 766 3594 ut
784 3531 865 3606 alibi,
889 3531 924 3591 Τ.
940 3527 1073 3610 Sulpicio
1085 3527 1198 3588 nocco

101 3625 155 3698 (rei
169 3639 204 3686 ut
217 3627 298 3701 aiibi,
311 3627 426 3702 Petico,
440 3629 509 3692 aiibi
523 3631 642 3709 Petico)
664 3633 700 3693 C.
716 3629 827 3692 Licinio
842 3627 965 3690 Stolone
980 3627 1068 3686 Coss.
1083 3623 1199 3684 notarit

101 3721 234 3784 Valerius
246 3741 254 3783 ε
275 3733 306 3784 et
319 3725 460 3805 paulatim
473 3725 615 3790 ludicram
630 3737 722 3790 artem
736 3727 775 3788 ad
790 3723 945 3787 satirarum
961 3719 1066 3780 modos
1079 3739 1197 3799 perrex-

100 3817 165 3891 isse,
191 3839 210 3879 α
234 3817 343 3899 quibus
365 3823 478 3900 primus
503 3827 633 3886 omnium
654 3827 743 3906 polita
765 3823 863 3882 Livius
878 3818 916 3880 ad
931 3816 1096 3876 fabularum
1110 3833 1198 3894 argu·

100 3923 197 3975 menta
220 3917 418 3996 spectantium
441 3920 544 3982 oculos
565 3931 596 3982 et
616 3921 731 3980 animos
745 3913 937 3978 transtulerit.
980 3911 1084 3971 Cicero
1098 3919 1197 3970 nutem

100 4012 224 4092 scripsit,
249 4009 364 4073 Livium
387 4014 512 4094 primum
537 4015 668 4076 omnium
693 4011 837 4075 Fabulam
862 4005 993 4079 dedisse,
1023 4005 1109 4064 annis
1135 4004 1197 4066 iere

99 4109 166 4168 410.
180 4119 255 4188 post
267 4108 573 4172 Romammnditam:
594 4111 792 4172 irascentem
814 4101 953 4166 celebrati
974 4099 1098 4182 primum
1121 4097 1199 4162 Ludi

101 4197 224 4264 Romani
249 4215 366 4285 patrum
380 4215 411 4268 et
424 4205 565 4287 equitum,
586 4209 637 4288 qui
657 4217 688 4269 et
712 4204 828 4286 bisgoi,
848 4198 995 4262 ludicrum
1016 4207 1115 4260 autem
1130 4198 1197 4280 equi
