2948 4890
252 393 317 460 Illo
619 404 717 454 nivii
742 401 985 454 cessionum:

250 553 288 613 ab
303 569 396 630 eoque
411 568 448 610 ne
461 555 659 610 transversum
674 544 801 628 quidem,
824 555 857 606 ut
879 544 972 618 aiunt,
994 543 1118 625 digitum
1141 543 1343 606 discederem:

251 647 305 710 sed
319 647 392 708 citra
405 641 641 724 superstitionem
656 651 765 712 tamen,
777 651 807 700 et
821 659 888 700 cum
898 639 1011 718 judicio
1026 661 1150 720 semper.
1194 642 1343 711 Ceterum,

250 763 317 804 cum
332 743 488 822 plerosque
502 741 564 800 lore
579 737 771 819 suspicemur,
784 737 846 816 qui,
861 736 942 816 quod
956 737 1093 798 carminis
1104 737 1247 796 rationem
1260 739 1344 816 igno·

250 847 325 912 rent,
347 839 394 898 vix
417 847 484 918 apte
499 837 570 896 satis
585 835 632 894 his
646 833 683 894 de
698 833 786 894 rebus
805 831 940 916 judicare
954 843 1083 912 queant:
1105 833 1200 892 visum
1215 845 1261 893 est
1276 834 1344 893 sub·

245 934 338 1014 jicere
360 933 504 994 nonnulla
525 931 584 1005 bic,
605 949 673 1010 quse
694 928 775 990 velut
791 928 914 1009 januam
934 929 1125 1009 patefaciant,
1149 938 1179 988 et
1201 929 1289 1002 viam,
1311 939 1345 988 nt

251 1031 368 1104 dieitur,
388 1028 586 1110 praemuniant
607 1025 852 1106 imperitioribus:
874 1045 933 1105 quo
955 1025 1063 1086 certius
1086 1025 1130 1086 de‘
1145 1027 1344 1105 recognitione

252 1137 354 1188 nostra
370 1123 513 1204 judicium
528 1123 626 1182 lacere
640 1130 670 1180 et
685 1119 861 1180 seutentiam
876 1119 949 1180 l'erre
969 1121 1095 1201 possint.
1135 1121 1229 1201 Igitur
1242 1122 1345 1184 comici

251 1223 376 1284 Plautus
391 1231 421 1282 et
433 1219 588 1279 Terentius
603 1227 696 1278 metro
710 1217 770 1278 sere
782 1225 904 1278 utuntur
918 1217 965 1278 rel
980 1219 1116 1292 iambico,
1126 1219 1173 1278 vel
1187 1218 1345 1288 trochaico,

250 1319 298 1382 vel
311 1327 435 1396 utroque
450 1314 535 1374 simul
549 1313 683 1374 contuso.
724 1313 888 1374 iambicum
902 1314 948 1376 vel
963 1327 1176 1376 monometrum
1190 1325 1246 1387 est,
1264 1314 1343 1394 quod

251 1417 368 1477 duobus
382 1411 506 1492 pedibus
521 1411 701 1490 simplicibus
715 1421 851 1471 constat:
867 1411 913 1472 vel
927 1411 1093 1482 dimetrum,
1107 1409 1187 1490 quod
1201 1420 1343 1490 quatuor:
1463 1443 1464 1504 ]

251 1512 298 1572 rel
313 1512 484 1582 trimetmm,
498 1507 579 1587 quod
594 1527 657 1580 sex,
677 1507 728 1588 qui
742 1517 773 1568 et
786 1508 893 1568 senarii
907 1507 1046 1569 dicuutur
1061 1509 1105 1568 M.
1119 1507 1215 1568 Tullio
1229 1518 1260 1568 et
1274 1507 1343 1570 Feb.

252 1607 452 1677 Quintiliano:
473 1605 520 1666 vel
542 1614 754 1677 tetrametrum,
777 1603 857 1684 quod
880 1615 968 1672 octo:
990 1606 1040 1686 qui
1054 1614 1085 1666 et
1098 1604 1233 1684 quadrati
1246 1605 1346 1692 appel·

251 1705 359 1777 lentur,
373 1713 403 1764 et
416 1701 569 1780 octonarii.¹
609 1699 654 1761 Ex
667 1701 750 1762 bisce
765 1700 895 1762 trimetro
909 1701 1013 1763 comici
1028 1711 1058 1762 et
1072 1711 1240 1762 tetrametro
1253 1701 1345 1762 maxi-
1463 1763 1464 1780 2

251 1820 298 1861 me
312 1809 453 1860 utuntur:
474 1797 539 1858 aliis
556 1816 632 1871 raro,
654 1807 685 1858 et
696 1798 727 1856 in
742 1793 839 1858 medio
852 1797 913 1858 lere
926 1797 1026 1876 (sicuti
1041 1797 1208 1858 Priscianus
1221 1807 1346 1857 annota-

251 1895 307 1971 vit)
320 1893 517 1955 distinctionis
532 1913 634 1954 causa.
676 1891 764 1962 Quod
783 1891 821 1953 ad
846 1892 937 1973 pedes
959 1893 1065 1954 attinet
1078 1893 1213 1965 iambici,
1238 1912 1344 1974 magna
1463 1961 1464 1996 ,

251 1991 386 2052 libertate
400 1989 504 2050 comici
519 1987 718 2049 indifferenter
739 1988 834 2049 ubivis
857 2001 981 2068 ponunt,
1004 1989 1145 2062 iambum,
1167 1988 1344 2070 tribrachyn,

252 2096 448 2167 anapaestum,
459 2084 621 2172 dactylum,
632 2085 827 2164 spondaeum:
842 2085 872 2144 in
883 2086 940 2146 fine
952 2086 1131 2166 plerumque,
1141 2097 1194 2146 aut
1207 2086 1345 2158 iambum,
1463 2081 1464 2144 j

252 2191 303 2244 aut
325 2180 534 2262 pyrrhichium,
555 2199 706 2260 nunquam
728 2181 786 2241 nisi
809 2181 839 2240 in
861 2191 999 2242 scazonte
1022 2181 1207 2262 spondaeum.
1251 2181 1346 2244 Utitur

252 2277 407 2340 Terentius
421 2297 501 2358 soepe
515 2278 545 2336 iu
560 2277 697 2352 iambico,
713 2277 788 2357 pede
803 2287 929 2358 quatuor
943 2277 1121 2360 syllabarum
1135 2278 1266 2338 brevium
1279 2297 1345 2360 pro·

254 2374 473 2446 celeusmatico,
493 2373 582 2453 idque
608 2393 660 2453 per
685 2373 893 2434 resolutionem
920 2373 1073 2454 spondaei:
1104 2385 1138 2434 ut
1161 2375 1191 2434 iu
1213 2375 1345 2436 Andria:

254 2477 263 2506 ‘
276 2470 360 2530 Mala
373 2489 469 2543 meus,
480 2469 577 2530 malus
591 2471 717 2542 animus,
731 2489 817 2549 quem
832 2469 951 2550 quidem
965 2491 1022 2552 ego
1036 2472 1062 2532 si
1075 2491 1197 2532 sensero
1207 2472 1225 2532 :’
1238 2471 1287 2531 bie
1300 2491 1346 2532 se·

253 2565 352 2628 cundo
365 2565 433 2626 loco
446 2576 494 2626 est
507 2565 797 2645 proceleusmaticus.
839 2567 873 2626 lu
889 2567 1014 2628 eadem:
1036 2567 1121 2628 ‘Tibi
1145 2587 1284 2648 generum
1298 2569 1347 2628 br-

252 2683 344 2735 mum,
358 2675 389 2723 et
401 2661 470 2722 filiae
485 2662 616 2723 invenies
630 2662 722 2723 virum
734 2663 753 2723 τ’
772 2663 821 2725 hic
843 2665 936 2743 prima
957 2665 1077 2744 regione
1094 2664 1173 2725 idem
1188 2683 1250 2744 pes.
1293 2663 1347 2724 Est

252 2773 351 2830 nutem
365 2759 475 2839 duplex
489 2758 606 2820 iambici
620 2778 732 2840 genus:
748 2757 871 2820 alterum
884 2769 995 2820 rectum
1007 2760 1206 2840 perfectumve
1216 2770 1346 2832 vocatur,

252 2855 374 2916 alterum
387 2857 503 2920 ‘ordior
516 2857 534 2926 ἢ
547 2854 741 2935 χυλίαμβονε
771 2853 855 2934 cujus
879 2853 1070 2934 penultimam
1093 2855 1123 2914 iu
1147 2855 1205 2916 flue
1227 2855 1346 2935 longam

253 2969 319 3010 esse
333 2961 458 3031 oportet.
501 2950 660 3029 Utriusque
675 2948 807 3010 meminit
821 2949 957 3022 Ovidius,
981 2969 1049 3010 cum
1073 2951 1164 3024 canit,
1187 2949 1295 3010 ‘Liber
1315 2950 1345 3008 in

252 3045 393 3106 adversos
407 3046 508 3106 hostes
523 3045 684 3124 stringatur
698 3044 823 3116 iambus,
837 3045 896 3104 Seu
910 3043 999 3117 celer,
1009 3054 1169 3105 extremum
1184 3065 1237 3106 seu
1250 3045 1347 3106 trahat

251 3141 300 3201 ille
314 3140 441 3219 pedem.'
481 3139 577 3200 Utitur
601 3138 763 3200 identidem
788 3142 878 3221 polita
899 3139 1024 3202 iambico
1037 3149 1206 3202 tetrametro
1219 3141 1346 3204 catalec-

252 3237 330 3296 tico:
350 3235 381 3295 id
396 3244 451 3308 est,
465 3234 512 3294 cui
529 3233 643 3314 syllaba
658 3235 688 3308 in
703 3236 761 3295 fine
776 3235 872 3298 desit:
887 3257 947 3316 quo
961 3237 990 3297 in
1004 3237 1188 3308 catalectico,
1204 3238 1258 3298 sibi
1271 3237 1347 3298 inter

253 3331 312 3393 alia
324 3330 382 3391 hoc
396 3349 514 3410 quoque
527 3330 677 3410 permittit,
699 3342 733 3392 ut
746 3352 799 3412 pro
813 3334 976 3413 penultima
994 3333 1085 3414 longa
1097 3334 1178 3394 haud
1192 3354 1258 3396 raro
1269 3334 1347 3394 duas

252 3429 355 3490 breves
369 3434 470 3506 ponat,
494 3425 574 3506 quod
594 3427 681 3488 tacite
694 3428 745 3508 qui
759 3448 861 3490 versus
876 3429 905 3488 iu
922 3447 992 3488 suos
1006 3429 1099 3510 pedes
1113 3429 1245 3510 digerere
1258 3430 1348 3504 volet,

253 3525 296 3584 sic
313 3525 422 3584 babere
444 3523 614 3604 comperiet.
657 3525 690 3584 In
718 3525 872 3588 trochaicis
893 3526 999 3586 comici
1022 3525 1180 3587 indiscrete
1200 3525 1346 3586 interdum

252 3620 398 3701 dactylos,
419 3620 466 3680 vel
487 3620 634 3682 troehoeos
659 3633 786 3702 ponunt,
806 3624 943 3684 nimirum
964 3641 1025 3703 qno
1050 3641 1136 3702 paene
1158 3621 1304 3684 dissoluta
1318 3631 1350 3682 et

251 3714 382 3795 pedestri
397 3713 543 3776 simillima
557 3736 623 3777 esse
647 3717 781 3778 rideatur
800 3738 990 3799 personarum
1013 3717 1240 3779 sermocinatio:
1262 3717 1353 3798 cujus

250 3811 314 3892 ipse
328 3810 497 3872 Priscianus
512 3812 653 3884 meminit,
674 3812 755 3891 apud
778 3833 865 3894 quem
878 3815 1047 3876 Victorinus
1062 3831 1122 3874 non
1136 3814 1234 3874 miuus
1247 3813 1348 3886 libere,

252 3925 341 3985 quam
355 3925 423 3966 vere
438 3907 489 3979 ait,
502 3907 634 3980 comicis,
648 3905 718 3966 dum
733 3909 937 3987 quotidianum
948 3927 1112 3970 sermonem
1127 3907 1234 3968 imitari
1248 3907 1349 3968 nitun-

252 4011 310 4074 tur,
329 4011 423 4062 metra
437 4001 539 4062 vitiare
554 4003 663 4076 studio,
684 4023 744 4064 uon
760 4004 922 4082 imperitia:
944 4003 1025 4084 quod
1039 4015 1070 4064 et
1082 4004 1275 4064 Terentianus
1288 4013 1349 4064 tes·

252 4107 331 4164 tatur
344 4098 426 4160 bisce
440 4100 592 4160 versibus:
615 4101 799 4180 ‘Fidemque
814 4100 889 4162 fictis
904 4100 973 4161 dum
995 4111 1154 4183 procurant
1174 4099 1291 4172 sabulis,
1314 4101 1348 4158 ln

253 4203 346 4258 metro
367 4204 492 4276 peccant
508 4204 581 4269 arte,
595 4215 654 4256 non
672 4196 809 4259 inscitia?
849 4183 945 4260 Tanta
960 4207 1056 4260 auum
1073 4197 1199 4258 affinitas
1215 4209 1260 4258 est
1273 4197 1350 4260 inter
