2948 4890
560 384 608 432 ns
631 382 822 432 ruusrno.
1195 366 1238 431 79

140 537 230 596 tores,
243 524 415 584 meretrices
430 522 643 594 dividebantur,
657 543 858 603 personasque
872 527 901 585 in
926 527 1087 589 Orchestra
1106 547 1238 588 assume·

142 628 224 696 bant,
237 641 291 701 pro
306 640 362 680 sua
376 622 492 682 aedona
507 639 541 682 ac
556 623 636 682 ludo.

234 829 480 890 APPARATUS
502 831 645 890 SCENAE
667 832 710 890 IN
732 831 840 891 vtcls
864 833 913 890 ET
933 830 1147 891 THEATRIS.

178 972 389 1052 Apparebatur
403 993 493 1034 scena
515 975 593 1054 apud
608 977 746 1054 antiquos
762 977 886 1036 Graecos
902 977 929 1035 in
945 977 1035 1056 agris,
1058 995 1147 1036 verno
1161 985 1235 1034 tem·

138 1087 219 1142 pore,
234 1089 302 1128 curu
317 1067 450 1130 aedificiis
473 1081 504 1130 et
525 1071 755 1130 habitationibus
771 1073 944 1151 triplicibus,
967 1071 1117 1131 instructis
1132 1069 1236 1130 culmi·

137 1165 237 1238 uibus,
250 1165 498 1245 peripetasmatis,
513 1167 670 1244 tapetibus,
683 1167 839 1246 linteisque
849 1167 994 1228 candidis.
1020 1166 1139 1225 Addita
1153 1177 1232 1246 post·

137 1279 173 1318 ea
197 1271 342 1319 sonantes
357 1262 468 1340 pelves,
489 1260 633 1340 ignesque
650 1263 784 1322 manibus
804 1265 940 1324 excussi:
962 1283 1096 1323 cavernae
1118 1281 1235 1342 quoque

137 1357 340 1416 subterraneae
364 1377 399 1416 ac
418 1357 498 1437 putei
513 1359 774 1436 contingebantur:
796 1361 897 1440 liguris
922 1361 1021 1432 maris,
1041 1357 1164 1429 Tartari,
1178 1357 1236 1416 iul·

136 1450 260 1524 minum,
271 1451 443 1524 tonitruum,
458 1452 564 1525 noctis,
575 1453 650 1524 coti,
661 1453 729 1525 diei,
744 1457 899 1534 regiarum,
907 1457 1118 1535 praetoriorum,
1130 1453 1235 1534 ingen-

136 1553 180 1606 tes
197 1545 288 1618 auloe,
302 1545 430 1606 fornices
451 1545 489 1605 ad
504 1546 615 1606 riarum
632 1547 862 1612 similitudinem.
905 1551 991 1632 Apud
1008 1553 1158 1610 Romanos
1173 1549 1234 1608 Au-

135 1641 191 1702 loea
205 1643 236 1701 in
251 1661 343 1703 scena
358 1643 484 1721 primum
498 1641 713 1716 sternebantur,
725 1664 791 1704 cum
805 1645 929 1724 primum
944 1647 1038 1725 pictus
1053 1643 1101 1704 ille
1112 1655 1233 1704 ornatus

135 1757 170 1798 ex
184 1735 320 1797 Attalica
334 1737 416 1816 regia
441 1737 566 1796 Romam
588 1736 719 1816 perlatus
743 1739 808 1812 suit,
824 1739 1035 1819 relabaturque
1057 1739 1122 1819 ipsa
1145 1759 1234 1800 sceua

135 1833 269 1915 Sipariis,
284 1853 353 1912 quoe
375 1834 521 1913 posterior
544 1845 618 1892 aetas
633 1853 686 1912 pro
708 1835 810 1896 auloeis
833 1839 947 1909 sumsit,
963 1849 996 1896 ut
1016 1837 1104 1897 etiam
1127 1835 1234 1914 siparia

135 1928 212 1988 humi
231 1938 387 1988 sterneret.
430 1927 502 1988 Erat
522 1941 663 2008 praeterea
677 1931 773 1992 velum
789 1935 932 1994 minutum
952 1931 1032 2014 qnod
1055 1932 1166 2014 populo
1180 1933 1233 1992 ob·

135 2025 261 2086 sistebat
274 2025 304 2084 in
320 2043 421 2098 scena,
440 2025 511 2084 dum
534 2037 618 2086 actus
639 2031 907 2091 commutabantur.
949 2031 982 2090 ln
1005 2029 1076 2090 sicis
1097 2029 1122 2088 si
1144 2029 1234 2088 fiebat

29 2144 33 2155 ·
135 2141 236 2192 scena,
268 2121 421 2180 arboribus
451 2121 480 2179 in
509 2141 541 2182 se
569 2121 746 2184 cubantibus
779 2145 814 2185 ac
837 2126 952 2186 reflexis
984 2125 1231 2204 componebatur:

135 2217 219 2297 quasi
231 2225 441 2276 concamerata
454 2217 589 2296 qnoedarn
605 2218 753 2291 densatio,
772 2231 806 2280 ut
819 2221 1033 2300 subterpositos
1048 2229 1147 2300 tegere
1162 2237 1231 2298 pos·

135 2325 189 2388 set,
204 2311 285 2373 unde
300 2313 338 2371 ab
352 2311 567 2373 inumbratione
582 2313 671 2374 dicta.
714 2317 747 2374 lu
771 2315 898 2378 'Ibeatro
912 2328 1009 2376 autem
1032 2323 1078 2394 (ut
1094 2317 1156 2395 jarn
1171 2315 1232 2374 dic·

135 2421 196 2470 tum
211 2411 273 2482 est)
285 2409 376 2467 fiebat
390 2427 491 2482 scena,
505 2421 652 2469 camerato
674 2421 825 2486 contextu,
847 2413 924 2472 binis
949 2412 1140 2492 pluribusque
1160 2430 1232 2470 con·

134 2505 350 2586 lignationibus
373 2514 532 2565 exstructa.
584 2505 669 2566 Picta
692 2519 756 2569 erat
777 2507 917 2588 undique,
942 2527 1012 2566 suas
1035 2507 1230 2566 domunculas

134 2602 248 2674 habuit,
262 2601 292 2659 in
307 2617 382 2678 quas
407 2621 460 2681 pro
474 2602 587 2661 ratione
610 2617 729 2664 actuum
748 2605 915 2664 alternatim
929 2623 961 2662 se
976 2603 1167 2662 conferebant
1181 2621 1232 2661 ac·

137 2709 223 2758 tores.
276 2698 360 2758 Duas
390 2715 457 2756 aras
480 2679 630 2779 utriusque
658 2702 805 2762 babebat:
841 2701 974 2760 dextram
998 2698 1092 2757 Liberi
1120 2699 1230 2776 patrisz

136 2796 282 2854 sinistram
306 2795 370 2875 ejus
386 2795 453 2866 Dei,
473 2796 503 2854 iu
526 2797 611 2874 cujus
625 2797 766 2858 honorem
791 2796 865 2855 Ludi
879 2797 998 2854 fiebant.
1041 2791 1126 2850 Unde
1140 2790 1230 2851 illud:

137 2891 179 2950 Ex
193 2909 245 2949 ara
260 2889 329 2950 binc
344 2909 426 2950 sume
441 2891 593 2950 verbenas.
635 2891 733 2970 Atque
755 2891 780 2950 is
801 2889 918 2950 demum
941 2897 1004 2946 erat
1028 2905 1126 2946 scenae
1139 2904 1230 2965 eppa·

135 2995 213 3045 ratus
228 2986 257 3044 in
273 2985 413 3046 Theatro.

276 3171 332 3232 DE
355 3169 644 3233 HISTRIONIBUS
666 3168 717 3230 ΕΤ
738 3171 862 3232 Mtutls
884 3165 1081 3232 SCENICIS.

174 3317 281 3376 Omnis
296 3317 516 3397 Tragoediarum
542 3337 577 3377 ac
592 3316 810 3378 Comoediarum
833 3318 938 3397 gratim
962 3327 992 3376 et
1006 3331 1104 3375 scenae
1126 3310 1228 3378 decus,

133 3411 162 3470 in
179 3413 383 3473 Histriouibus
407 3414 600 3474 consistebat.
642 3411 809 3472 Histriones
829 3415 908 3472 enim
932 3421 963 3472 et
983 3411 1064 3472 mimi
1087 3410 1116 3468 in
1140 3423 1230 3465 scena

134 3508 305 3568 Comoedias
327 3515 522 3570 recensebant
536 3505 697 3568 secundum
721 3527 791 3568 suos
810 3507 915 3568 modos
937 3519 968 3568 et
981 3505 1108 3567 cantica.
1151 3500 1228 3559 Nam
1254 3567 1257 3573 ,

132 3605 259 3674 moden,
285 3615 319 3664 ut
339 3605 429 3685 paulo
451 3615 520 3666 ante
542 3603 732 3677 docebamus,
756 3606 992 3683 temperabantur
1015 3600 1121 3670 modis,
1136 3615 1229 3654 nona

131 3701 231 3779 polita,
246 3699 301 3760 sed
316 3720 334 3760 a
347 3702 442 3781 perito
456 3703 526 3762 anis
540 3700 660 3760 musicas
669 3701 766 3774 lactis,
778 3703 1025 3779 mutabanturque
1035 3693 1115 3758 modi
1127 3694 1157 3752 in
1168 3705 1228 3748 uno

131 3796 259 3856 cantico.
312 3795 437 3857 Fiebant
457 3794 626 3877 hujusmodi
650 3797 781 3856 earmina
802 3796 841 3857 ad
864 3797 967 3856 tibias:
999 3803 1033 3852 ut
1053 3793 1098 3850 his
1122 3783 1229 3845 auditis

131 3889 217 3950 multi
231 3909 271 3950 ex
284 3892 386 3973 populi
401 3903 471 3952 ante
486 3891 645 3962 discerent,
671 3911 758 3970 quam
782 3893 923 3952 Fabulam
938 3890 1030 3950 acturi
1054 3896 1154 3949 essent
1164 3905 1229 3946 sce-

130 3989 200 4050 nici.
247 3987 336 4048 Unde
350 3988 423 4050 illud
449 3999 496 4049 est
516 3987 685 4047 Ciceronis:
716 3989 804 4047 ‘Non
828 3986 980 4066 intelligo,'
1007 3987 1112 4065 inquit,
1136 3985 1229 4064 ‘quid

131 4095 258 4158 metuat,
272 4103 339 4144 cum
354 4094 414 4144 tam
439 4085 534 4144 bonos
552 4083 734 4163 septenarios
749 4083 856 4144 fundat
868 4083 905 4142 ad
920 4083 1043 4142 tibiam?
1081 4081 1228 4142 Tibicines

131 4181 361 4264 appellabantur
383 4183 434 4260 qui
456 4181 624 4262 hujusmodi
650 4182 766 4242 cauden
790 4181 828 4243 ad
843 4179 943 4240 tibiam
957 4177 1131 4252 fundebant,
1145 4187 1228 4239 ante·

525 4497 543 4540 t
