3012 4892
228 369 272 434 dli
567 377 705 426 vinnon
730 375 778 424 ns
802 373 993 424 cosmum.

226 524 405 601 pressiones,
429 523 595 601 agnitaeque
620 520 799 599 agitarentur
823 517 991 578 affinitates.
1043 517 1169 580 Demum
1196 516 1323 576 Athenis

229 619 426 680 Macedonum
448 617 612 697 petulantia
633 614 808 696 subjugatis,
832 631 884 674 eas
907 613 1051 674 continuo
1074 611 1210 672 Fabellas
1231 611 1324 673 edere

229 715 405 775 studuerunt
418 715 525 792 poetae,
538 711 644 790 quibus
658 710 773 770 illorum
787 709 947 789 impuritati
960 707 1147 770 satisfactum
1162 727 1228 768 esse
1241 707 1325 768 vide·

229 821 317 873 retur.
359 806 608 886 Quandoquidem
623 807 670 866 rel
683 826 719 866 ex
736 806 870 866 Athenaei
891 805 1088 864 monumentis
1109 804 1196 864 lac'ile
1218 822 1326 883 possu-

228 923 294 964 mus
307 902 484 982 conjectare,
506 901 586 981 quod
600 901 679 982 gulae
693 901 862 980 ventrisque
884 901 1002 960 servitio
1016 899 1200 960 Macedones
1215 900 1327 958 luerint

229 998 415 1077 emancipati.
457 997 623 1058 Menander
643 997 753 1076 itaque,
777 1015 842 1056 srrre
863 996 1030 1080 tempestati
1049 1015 1160 1056 morem
1175 1006 1327 1074 gesturus,

230 1093 412 1154 Comoediarn
432 1095 473 1155 ab
484 1093 689 1173 Aristophanis
704 1092 816 1153 Cocalo
830 1092 955 1156 feliciter
972 1090 1133 1152 admodum
1155 1101 1202 1150 est
1222 1091 1327 1168 auspi-

229 1199 313 1249 catus
326 1207 333 1248 r
348 1191 394 1250 cui
409 1191 453 1251 sic
464 1191 587 1250 Ovidius
601 1189 707 1248 alludit
720 1192 860 1249 Amorum
875 1187 1018 1259 secundo,
1034 1189 1118 1248 nobis
1133 1188 1227 1256 obiter
1241 1207 1327 1266 quse-

229 1303 298 1346 naru
310 1285 418 1346 suerint
430 1286 493 1365 ejus
507 1295 679 1364 argumenta
692 1284 909 1356 demonstrans,
1301 1281 1305 1288 “

349 1429 428 1488 Dum
441 1429 530 1488 sallas
544 1447 656 1498 servus,
671 1427 761 1487 durus
772 1437 864 1508 pater,
878 1427 1010 1507 improba
1024 1427 1092 1488 lena

391 1523 513 1596 Vixerit,
526 1537 557 1584 et
570 1527 704 1584 meretrix
717 1523 838 1598 blanda,
854 1521 1035 1584 Menandros
1050 1525 1115 1583 erit.

180 1723 183 1728 ,
231 1667 319 1736 Quod
334 1688 469 1727 nosscum
484 1668 591 1727 Graeco
604 1669 733 1728 carmine
748 1668 884 1729 ludentes
906 1671 935 1728 in
950 1671 1100 1749 egregiam
1113 1671 1241 1732 Terentii
1257 1672 1326 1730 lau·

231 1765 297 1822 dem
313 1765 511 1837 vertissemus,
531 1765 583 1824 tibi
607 1765 817 1844 pulcherrimos
838 1765 987 1826 condendi
1007 1768 1120 1827 iambos
1135 1767 1254 1828 dedisse
1269 1785 1325 1826 an·

232 1879 295 1920 sem
309 1861 448 1920 videmur.
491 1861 627 1921 Ceterum
643 1861 699 1920 luit
711 1871 779 1920 octo
792 1870 907 1920 tantum
928 1863 1014 1922 annis
1029 1864 1131 1942 junior
1143 1862 1326 1933 Alexandro,

231 1957 374 2036 sanquine
387 1957 494 2016 nobilis
508 1969 538 2017 et
552 1977 664 2036 morqm
678 1955 845 2035 integritate
863 1957 1034 2036 praeclarus.
1076 1955 1259 2036 Alexideque
1279 1961 1327 2034 (ut

231 2053 367 2127 arbitror)
380 2064 558 2133 praeceptore
567 2053 629 2131 jam
645 2053 820 2114 adolescens
834 2053 904 2113 dare
920 2055 1048 2114 Fabulae
1062 2054 1162 2134 erepit,
1175 2073 1244 2133 quas
1258 2073 1327 2114 ceu·

231 2157 292 2206 tum
307 2157 337 2208 et
358 2159 426 2208 octo
447 2169 569 2208 numero
591 2169 689 2209 coram
712 2149 891 2210 doctissimis
912 2152 1077 2230 quibusque
1098 2160 1254 2219 steterunt,
1279 2149 1326 2208 vel

232 2243 362 2323 quinque
382 2264 471 2324 supra
492 2257 621 2319 centum,
642 2257 676 2306 ut
699 2247 841 2306 cecinisse
856 2247 1069 2326 Apollodorum
1084 2245 1200 2306 Gellius
1214 2245 1327 2306 scribit.

231 2339 364 2400 Tandem
378 2341 504 2402 Athenis
525 2343 555 2401 in
569 2343 665 2421 patria
683 2343 759 2402 duos
773 2353 804 2403 et
817 2343 1033 2422 qninquaginta
1045 2353 1133 2402 natus
1147 2359 1241 2402 annos
1254 2341 1328 2400 obiit

107 2495 114 2502 ,,
231 2447 366 2509 mortem,
389 2437 505 2498 decimo
530 2439 644 2499 scilieet
664 2451 733 2502 ante
755 2440 864 2500 bellum
887 2438 1115 2499 Macedonicum
1135 2455 1223 2510 anno,
1244 2436 1326 2516 quod

231 2533 362 2612 Pyrrhus
377 2553 442 2594 curn
458 2535 569 2613 populo
583 2536 719 2594 Romano
730 2537 823 2614 gessit
836 2536 1019 2596 acerrimum.
1047 2535 1111 2594 Nec
1121 2534 1195 2594 solra
1205 2533 1325 2613 quidem

230 2629 278 2688 hae
295 2629 452 2688 Menandri
469 2631 589 2690 Fabulre
603 2631 800 2692 Macedonum
814 2633 931 2692 lumbos
944 2637 991 2710 (ut
1004 2632 1049 2691 his
1064 2643 1130 2691 utar
1148 2629 1241 2689 Persii
1261 2647 1327 2687 ver·

232 2727 290 2801 bis)
311 2726 466 2796 intravere,
487 2727 540 2786 scd
564 2740 593 2787 et
613 2728 678 2788 alioe
695 2729 805 2810 Diphili
819 2729 940 2807 Sinopei
954 2739 1070 2788 centum
1086 2727 1326 2803 Philemonisque

234 2823 411 2902 Syracusani
424 2821 617 2885 Menandrum
633 2827 798 2886 temulentis
809 2827 869 2886 lere
882 2825 1003 2885 totidem
1017 2833 1215 2884 accesserunt.
1244 2821 1326 2881 Prie·

233 2928 313 2978 tereo
335 2937 409 2997 ques
435 2921 644 2999 Apollodorus,
667 2921 854 3000 Posidippus‚
877 2931 908 2980 et
933 2917 1114 3000 Philippides
1137 2917 1327 2989 addiderunt,

232 3033 267 3075 sc
282 3016 382 3085 ceteri,
396 3037 472 3095 qnos
487 3035 564 3076 nova
578 3017 730 3078 Comoedia
742 3019 909 3078 celebraris
939 3017 1076 3078 Proiecto
1089 3015 1161 3074 mira
1174 3015 1230 3074 suit
1242 3015 1325 3073 Aris·

234 3111 372 3190 tophanis
388 3113 529 3172 felicitas:
552 3115 636 3191 cnjus
655 3133 713 3172 una
729 3115 857 3174 Cocalus
871 3133 888 3173 e
902 3113 1116 3194 quinquaginta
1129 3121 1256 3190 quatuor
1268 3115 1327 3187 (tot

235 3207 312 3266 enim
335 3207 444 3268 vidisse
469 3227 502 3267 se
524 3209 653 3270 Thorm
677 3211 821 3291 Magister
842 3210 897 3286 ait)
919 3211 994 3270 adeo
1015 3207 1122 3268 multas
1143 3208 1324 3267 diversorum

235 3305 386 3382 poiitaruru
415 3306 542 3366 Fabulae
566 3307 733 3386 procrearit,
757 3327 825 3386 quae
846 3325 913 3368 cnm
936 3315 1057 3386 parente
1080 3323 1134 3364 suo
1147 3303 1326 3383 reliquisque

234 3399 372 3462 Veterum
388 3421 472 3482 paene
487 3403 623 3464 omnibus
637 3404 675 3463 ab
688 3423 744 3463 usu
758 3415 859 3464 nostro
874 3402 1036 3464 suffuraute
1055 3411 1188 3480 tempore
1207 3399 1326 3460 excide·

232 3507 309 3556 runt.
347 3498 465 3558 Utinam
478 3510 612 3560 extarent
622 3500 669 3559 rel
682 3499 857 3561 dimidiatae:
873 3515 932 3559 non
946 3497 1022 3558 adeo
1035 3499 1134 3558 forsan
1148 3495 1178 3555 in
1192 3515 1325 3576 praesen-

231 3592 274 3652 tia
288 3593 416 3653 Fabulae
437 3595 642 3675 perspiciendo
664 3597 886 3664 caecutiremus3
908 3615 964 3656 nec
977 3605 1057 3654 esset
1070 3613 1123 3655 cur
1136 3611 1193 3672 ego
1208 3613 1262 3654 vos
1277 3615 1325 3654 se·

231 3687 370 3748 rnicaecus
393 3689 500 3751 ducere
521 3709 653 3752 conarer.
694 3691 764 3765 Sed,
786 3701 854 3752 acta
876 3711 913 3751 ne
937 3708 1070 3770 agamus,
1089 3690 1192 3750 vitium
1216 3691 1273 3752 hoc
1294 3701 1326 3752 et

230 3785 407 3866 praeteritam
422 3786 618 3848 calamitatem
633 3789 680 3848 bis
696 3788 781 3868 quasi
795 3789 939 3868 tragicus,
953 3797 1101 3867 quotquot
1112 3797 1224 3860 extant,
1243 3787 1326 3847 Aris·

232 3881 369 3960 sophanie
386 3883 515 3943 Fabellis
529 3895 767 3964 compensantes.
807 3883 927 3964 Duplex
944 3902 1011 3943 esse
1032 3899 1218 3943 numerorum
1239 3883 1325 3942 diffe-

231 3980 325 4037 rentia
338 3979 473 4040 uidetur:
495 3980 733 4060 quandoquidem
747 3979 869 4041 Veteres
884 3979 927 4039 illi
947 3977 1130 4039 Comoediam
1153 3978 1241 4038 variis
1263 3978 1324 4038 dis·

230 4075 364 4152 tinguere
382 4077 513 4137 versibus
527 4063 714 4151 studuerunt,
728 4095 764 4137 eo
777 4075 856 4156 quod
871 4075 952 4136 laudi
964 4076 1090 4136 manime
1104 4073 1232 4147 daretur,
1247 4075 1325 4153 siqui

232 4189 339 4234 norum
352 4173 488 4232 carminis
503 4193 596 4252 genus
610 4173 841 4234 adinvenissent.
883 4171 970 4232 Unda
984 4171 1149 4253 Phrynicus
1168 4169 1198 4234 in
1222 4171 1324 4232 lonico
