3012 4892
239 361 283 424 2⁴
684 370 894 418 PltAErA'l'lo.

238 516 321 584 lolio
339 532 455 596 margo
472 512 515 580 ed
529 513 683 578 dextmm
698 515 787 579 latus
802 516 886 580 satis
903 514 1036 597 amplus
1057 521 1154 580 textu
1169 523 1282 593 vacat,
1303 519 1341 582 iu

240 637 359 684 averso
373 617 454 680 lolio
469 615 524 680 hic
537 634 652 698 margo
668 615 712 680 ad
726 615 820 679 latas
834 617 1005 680 sinistrum
1020 621 1082 680 est.
1127 615 1241 683 Lineis
1252 619 1343 682 binis

239 717 586 805 perpendicularibus,
611 736 687 800 quae
712 723 846 782 textum
871 717 1060 795 terminant,
1082 716 1150 781 alia
1179 718 1344 800 parallela

241 820 344 885 ducta
364 825 428 896 est,
449 838 526 902 quae
549 820 777 886 ame-brana
797 828 948 884 exuema
972 838 1040 883 nou
1063 819 1205 882 multum
1227 819 1342 886 distet.

242 921 335 986 Huic
351 921 463 1004 spatio
479 919 564 984 inter
575 918 661 984 duas
672 921 779 984 lineas
793 921 1082 1004 perpendiculares
1095 925 1186 985 notae
1200 921 1343 1004 iuscrip-

242 1031 288 1089 tae
310 1029 400 1100 suut,
425 1041 504 1105 quac
527 1021 572 1086 ob
600 1021 829 1105 prolixitatem
852 1023 1026 1086 contextui
1052 1021 1253 1104 superscribi
1275 1041 1344 1087 non

241 1130 409 1210 poterant
452 1121 586 1200 Multae,
597 1123 700 1188 immo
714 1124 865 1190 maxima
874 1125 1062 1206 glossarum
1071 1140 1164 1206 pers,
1172 1121 1253 1205 quia
1263 1141 1343 1205 per·

243 1245 344 1312 quam
358 1227 478 1290 breves
492 1230 579 1302 suut,
593 1224 821 1290 interlineares
833 1233 922 1290 sunt.

286 1325 355 1392 Hae
366 1333 480 1392 eutem
495 1327 727 1394 annotationes
735 1327 807 1393 sire
817 1328 941 1410 glossa
953 1345 1019 1392 non
1031 1325 1140 1390 solum
1152 1324 1256 1388 rerba
1267 1331 1343 1389 tex·

242 1431 299 1492 tus
314 1427 498 1510 explicant,
514 1427 574 1492 sed
594 1427 698 1492 etiam
716 1428 830 1494 varias
844 1429 1008 1494 lectiones
1029 1425 1171 1490 aliorum
1186 1419 1343 1490 codicum

242 1527 420 1594 continent.
465 1527 555 1596 Haec
576 1528 730 1594 lectionis
750 1529 897 1594 varietas
918 1528 1088 1594 indicatur
1108 1533 1180 1590 tum
1202 1524 1264 1590 bac
1279 1525 1343 1588 ab·

242 1629 432 1696 breviatum
461 1623 490 1708 t,
513 1629 549 1694 id
572 1635 636 1707 est,
661 1629 758 1708 ‘vel,’
775 1637 846 1695 tum
867 1631 927 1696 illa
946 1622 995 1708 ui,
1016 1630 1039 1693 i.
1061 1649 1092 1693 e.
1115 1625 1245 1705 ‘aliua'
1267 1626 1342 1690 sive

243 1729 432 1808 ‘alii,’sive
446 1735 456 1766 ‘
469 1730 584 1798 aliter!
627 1729 715 1796 Esse
737 1749 853 1796 revera
875 1733 986 1797 varias
1007 1730 1171 1796 lectiones
1191 1747 1234 1792 ex
1249 1727 1343 1792 codi-

247 1833 343 1898 cibus
362 1833 564 1916 depromtas,
586 1852 652 1897 nou
674 1832 919 1915 explicationes
943 1831 995 1895 vel
1018 1830 1240 1914 conjecturas,
1261 1827 1343 1892 inde

243 1941 369 1998 certum
383 1942 447 2010 est,
462 1935 544 2016 quia
565 1934 598 1996 in
621 1933 698 1998 aliis
723 1933 896 1998 codicibus
916 1933 1106 2016 sepissime
1121 1929 1344 2013 reperiantur.

245 2031 345 2096 Unde
359 2032 482 2118 conjici
496 2041 624 2116 potest,
637 2053 709 2110 eas,
730 2054 809 2118 quta
830 2035 1026 2099 auctoritate
1047 2031 1174 2098 codicis
1194 2029 1343 2096 nondum

245 2134 337 2200 tultae
351 2142 441 2212 sunt,
467 2134 527 2200 illa
548 2141 659 2200 tanim
680 2156 748 2202 non
770 2137 962 2202 destitutum
976 2135 1030 2210 iri,
1045 2134 1075 2198 si
1091 2132 1227 2198 codices
1242 2134 1365 2222 acca-’f'

245 2235 350 2300 ratius
371 2236 615 2300 examinantur.
659 2236 818 2304 Varietas
845 2245 954 2304 summ
981 2255 1044 2298 non
1067 2235 1177 2298 solum
1200 2233 1345 2316 pertinet

247 2335 420 2414 advoces,
435 2335 608 2400 sedetiam
624 2337 781 2420 adsigna
802 2337 1091 2422 interpunctionis,
1113 2335 1194 2398 dum
1216 2334 1345 2417 saepius

247 2442 434 2515 annotatur,
446 2438 526 2502 loco
542 2437 629 2520 sigui
644 2439 908 2522 interrogationis
919 2437 1010 2502 aliud
1023 2437 1184 2515 adbiberi,
1198 2436 1254 2501 vel
1269 2435 1344 2500 rice

246 2557 358 2604 versa.
401 2536 652 2604 Observandum
663 2545 774 2606 tamen
788 2547 854 2617 est,
865 2559 981 2616 voces,
993 2540 1118 2624 quibus
1132 2537 1344 2623 praemissum

247 2643 300 2702 est
314 2642 324 2672 ‘
337 2637 406 2704 vel'
419 2643 476 2702 ant
489 2642 499 2673 ‘
512 2637 569 2704 al!
584 2641 817 2706 tantummodo
840 2647 910 2708 tum
933 2643 996 2724 pro
1018 2641 1121 2706 variis
1142 2638 1344 2706 lectionibus

247 2738 417 2806 habendas
430 2759 517 2819 esse,
526 2740 557 2806 si
570 2741 652 2807 nihil
663 2743 808 2826 amplius
823 2741 967 2808 additur.
1004 2741 1136 2808 Glossae
1151 2746 1343 2806 autemnon

250 2860 363 2908 omues
378 2841 497 2908 eadem
509 2861 611 2909 menn
625 2845 761 2928 scripta
777 2849 865 2908 sunt.

292 2941 467 3026 lomagna
487 2943 657 3010 felicitatis
681 2963 766 3012 mean
791 2952 888 3028 parte
913 2963 1052 3028 repono,
1072 2939 1174 3026 quod,
1195 2940 1343 3006 nondum

249 3048 372 3109 exacto
386 3044 466 3138 anni
479 3045 591 3128 spatio
611 3047 645 3110 in
660 3045 789 3129 inclyta
803 3043 990 3110 Academia
1004 3043 1243 3121 Fridericiana,
1256 3059 1344 3127 prae·

249 3163 292 3210 co
305 3163 381 3210 esse
395 3145 524 3229 possim
540 3147 670 3214 codicis
685 3148 734 3214 ibi
749 3147 912 3214 custoditi
925 3145 1083 3221 Terentii,
1093 3150 1162 3210 tum
1177 3145 1344 3228 antiquis·

250 3245 340 3323 simi,
354 3253 426 3310 turn
441 3247 580 3314 scholiis
596 3250 667 3314 sive
681 3249 804 3331 glossis
828 3249 912 3314 varii
935 3249 1063 3330 generis
1076 3246 1226 3330 insignis.
1271 3247 1344 3312 Do·

248 3346 384 3412 lendum
398 3355 453 3412 est
466 3347 624 3426 editores,
638 3369 724 3433 quos
738 3357 859 3416 nactus
873 3358 926 3414 est
941 3351 1086 3414 eximius
1100 3349 1156 3414 ille
1176 3348 1344 3424 comicus,

250 3447 432 3514 admodum
446 3449 650 3532 negligenter
664 3451 798 3516 codices
814 3470 894 3516 suos
903 3450 1135 3535 descripsisse,
1156 3456 1194 3514 ut
1206 3468 1345 3533 compu-

249 3548 337 3612 tatio
349 3549 459 3628 istius,
472 3569 558 3614 nunc
572 3571 615 3615 ex
630 3553 787 3630 tenebris,
802 3552 862 3616 ubi
880 3551 990 3616 adhuc
1004 3552 1160 3628 latuerat,
1174 3551 1210 3614 in
1232 3551 1344 3633 publi·

250 3667 324 3714 cam
343 3649 452 3715 lucem
475 3651 678 3734 prodeuntis,
700 3673 776 3719 cum
791 3653 869 3720 aliis
882 3673 948 3718 non
962 3653 1060 3720 facile
1074 3651 1205 3718 institui
1225 3651 1343 3735 possit.

252 3749 289 3814 Si
306 3749 467 3831 Faernus,
482 3755 539 3840 qui
554 3756 679 3838 primus
691 3757 830 3822 criticen
845 3756 1042 3822 adultiorem
1060 3755 1097 3820 in
1118 3753 1247 3818 edendo
1261 3753 1345 3818 Ter·

244 3851 340 3918 cutio
355 3853 545 3920 adhibuisse
560 3855 690 3934 dicitur,
713 3858 785 3940 ipse
810 3857 992 3922 editionem
1014 3862 1177 3932 curasset,
1200 3854 1344 3919 iormsse

252 3951 293 4014 de
307 3952 496 4034 codicibus,
511 3957 633 4039 quibus
647 3975 730 4022 usus
746 3965 812 4035 est,
828 3964 985 4024 accurate
997 3955 1177 4022 retulisset.
1219 3953 1343 4020 Atilio

251 4060 383 4118 mortuo
391 4055 690 4126 PetrusVictorius
698 4059 875 4126 editionem
887 4059 1038 4141 vulgavit
1045 4077 1077 4126 a.
1085 4056 1182 4122 1565.
1190 4063 1224 4121 et
1231 4073 1349 4154 pauca¹

252 4151 353 4218 babet
366 4154 408 4220 de
420 4158 579 4225 subsidiis
591 4159 747 4230 litorariis
761 4162 884 4246 quibus
899 4180 980 4230 usus
995 4165 1049 4226 est
1062 4157 1226 4226 Fuimus.
1262 4156 1343 4222 Iiu-
