3012 4892
577 371 626 420 nu
648 371 836 420 canarno.
1208 363 1251 426 67

193 513 297 584 Lucta,
313 511 428 572 Graecia
443 512 520 592 pale,
534 513 580 572 vel
594 513 623 572 in
639 532 733 586 coenn,
748 515 794 572 val
817 531 916 585 arana,
936 513 982 576 vel
1006 515 1125 593 puluere
1141 517 1248 586 tiebat:

153 611 231 672 unde
245 610 409 670 luctatores
422 609 450 668 in
467 607 557 667 Ludia
572 607 735 687 Gymnicia,
757 619 809 670 aut
822 609 971 688 palaeatra,
988 610 1101 672 Graecia
1116 613 1247 691 palaaataa

152 704 305 784 appellati.
348 703 372 762 li
389 703 536 772 luctaturi,
550 713 707 774 ceromate,
722 703 751 762 id
766 714 823 778 eet,
837 705 904 765 oleo
917 717 1016 766 cerato
1030 708 1249 786 perfundeban-

151 813 217 862 tur:
239 799 331 870 unde,
347 798 399 877 qui
412 817 463 859 eoa
479 799 642 877 ungebant,
655 801 850 859 ceromatittre
869 799 949 860 dicti.
992 803 1117 864 Pulvere
1131 824 1249 885 quoque

151 906 221 978 poat
234 896 405 956 unctionem
421 895 675 974 inspargebantur,
690 904 723 954 ut
735 915 860 976 corpora
872 913 1018 958 ceromate
1032 909 1063 960 et
1081 900 1188 961 sudore
1202 902 1249 962 lu·

150 992 233 1052 brica
252 1001 372 1050 mutuas
393 991 567 1051 luctantium
590 992 799 1070 prebanaionca
819 995 1026 1055 admitterent:
1047 996 1126 1056 unde
1147 1009 1248 1058 natum

151 1087 350 1168 proverbium,
368 1087 463 1146 ‘citra
476 1088 604 1167 pulveris
619 1089 750 1162 tactum,’
766 1089 803 1149 dc
817 1090 863 1162 iic,
877 1091 927 1169 qui
942 1089 1028 1150 facile
1042 1091 1153 1170 aliquid
1168 1113 1249 1155 anaa-

151 1185 211 1246 cuti
235 1193 317 1256 eunt,
338 1193 370 1244 ct
392 1185 467 1244 citra
489 1183 637 1256 sudorem,
659 1185 741 1264 quod
759 1195 791 1245 ct
811 1187 884 1246 citra
898 1185 1046 1264 pulverem
1061 1185 1120 1247 dici
1143 1197 1248 1266 potent.

153 1281 227 1342 Eum
250 1279 402 1361 pulverem
418 1280 516 1340 Graeci
539 1281 637 1360 aplren
659 1280 808 1342 dicebant.
851 1282 931 1342 lnter
955 1284 1115 1344 luctatores
1129 1283 1249 1363 quidam

152 1379 275 1438 anmnrir
289 1377 367 1436 inter
381 1395 413 1435 aa
428 1375 564 1436 manibus
578 1376 800 1456 depugnabant,
819 1377 901 1437 nullo
913 1379 1069 1458 complexu
1081 1381 1248 1442 haerentaa:

152 1493 203 1534 eoa
217 1472 427 1534 acrochiristaa
438 1473 584 1532 vocabant
596 1471 703 1533 Greci.
728 1473 789 1532 Alii
799 1474 926 1534 vicissim
941 1475 1083 1536 feriebant
1093 1477 1251 1536 arrectaria

152 1569 385 1641 concertatione,
403 1567 460 1628 boc
473 1577 530 1640 eat,
544 1569 660 1640 arrecti,
673 1576 704 1627 et
717 1569 837 1646 pulvere
851 1569 951 1641 obriti,
972 1571 1047 1632 alter
1060 1571 1182 1632 alterurn
1196 1572 1250 1632 im·
1306 1559 1312 1574 ’

152 1661 294 1746 petebant
306 1684 448 1746 procursu
463 1663 696 1744 calcitratuquc:
711 1663 842 1725 calcibus
856 1665 946 1738 enim,
959 1667 1077 1740 cubitia,
1091 1669 1249 1748 unguibus,

153 1759 310 1822 nonmodo
318 1761 426 1841 pognia
434 1760 747 1838 utebantur,omnique
755 1759 914 1840 impetendi
923 1761 1250 1841 prehendendiquamo-

153 1858 207 1920 do:
223 1858 435 1940 pancratiaste
447 1857 552 1928 vocati,
561 1865 592 1916 et
601 1854 773 1936 pancration
785 1855 952 1934 hujusmodi
963 1857 1129 1920 certaminia
1144 1877 1249 1938 gebun

154 1977 189 2016 ex
203 1975 241 2016 eo
255 1953 337 2034 quod
352 1953 504 2013 advocatia
519 1951 654 2012 omnibus
668 1953 798 2032 corporia
812 1951 933 2025 uiribus,
947 1951 1136 2032 omniumque
1147 1973 1250 2014 nervo·

154 2072 218 2111 rum
233 2050 425 2110 contentione
440 2049 660 2128 transigeretur.

195 2147 255 2215 Qui
269 2146 355 2206 diaco
369 2167 401 2206 ae
415 2147 591 2206 exercebant
612 2145 742 2218 athletae,
764 2145 908 2207 discoboli
922 2145 1047 2220 Graecia,
1062 2145 1250 2226 appellabun-

156 2253 211 2318 tur,
225 2245 284 2304 boc
299 2253 355 2314 cat,
378 2241 493 2304 discum
518 2241 546 2300 in
573 2242 698 2302 sublime
715 2243 893 2322 jaculantes.
936 2243 1008 2302 Erat
1029 2253 1128 2303 autern
1149 2243 1250 2305 diacus

157 2340 231 2420 lapia
246 2337 391 2399 rotundus
407 2358 442 2398 ac
456 2348 606 2418 pertuaua,
621 2335 717 2416 inquit
728 2338 912 2398 Ammonius.
1312 2401 1321 2414 ,

196 2435 364 2514 Pugilatna,
379 2455 465 2513 quern
480 2433 578 2494 Greci
592 2453 721 2514 pygmen
736 2433 935 2512 appellabant,
954 2433 1083 2494 cestibus
1096 2437 1252 2494 exercebu-
1284 2471 1290 2484 ·

158 2543 214 2604 tur,
230 2531 335 2612 quales
350 2551 368 2591 a
381 2530 514 2610 Virgilio,
534 2531 585 2590 lib.
603 2550 633 2589 v.
649 2529 870 2592 describuntur:
892 2531 922 2589 in
945 2550 981 2590 eo
1002 2530 1054 2608 qui
1075 2529 1252 2590 exerceban-

158 2639 214 2701 tur,
228 2627 347 2707 pugilea
359 2627 481 2699 Latinis,
495 2625 608 2686 Graecia
623 2635 721 2708 pyctae
736 2627 808 2687 dicti
821 2637 907 2688 eunt:
922 2625 1003 2706 quod
1017 2643 1125 2686 nornen
1137 2625 1175 2686 ad
1191 2625 1254 2703 gal·

157 2723 289 2784 linaceoa
303 2741 454 2802 pugnaces
468 2721 642 2784 trnnalatunr
657 2733 713 2784 eat.

198 2819 396 2878 Saltationurn
412 2817 441 2876 in
458 2817 548 2878 budia
563 2817 717 2898 Gymnicia
732 2815 825 2876 multa
839 2833 948 2894 genera
960 2815 1088 2887 suerunt,
1112 2812 1253 2892 quemad·

159 2914 279 2975 modurn
303 2915 391 2974 docet
413 2913 570 2974 Lucienus.
614 2913 684 2974 Erat
705 2912 782 2972 enirn
798 2909 915 2970 anltatio
928 2909 1094 2989 pyrrhicba,
1109 2929 1127 2968 a
1142 2907 1253 2988 Pyrrbo

159 3013 289 3086 inventa,
312 3030 330 3070 a
344 3029 402 3090 qua
416 3010 606 3090 pyrrhicharii
619 3021 650 3071 et
662 3007 868 3090 pyrrhicbiataa
883 3007 971 3066 dicti:
992 3025 1060 3084 quae
1075 3004 1179 3066 eadem
1194 3003 1253 3064 nal·

160 3108 232 3169 tatio
252 3107 383 3186 enoplie,
404 3105 435 3166 id
458 3118 514 3176 eat,
537 3117 650 3166 armata
674 3103 846 3164 dicebatur:
871 3100 951 3182 quod
977 3101 1079 3160 armati
1102 3099 1253 3160 saltarent.

161 3205 231 3264 Erat
243 3203 363 3266 saltatio
378 3204 495 3264 Cordarr
510 3205 659 3274 obaooena,
678 3212 709 3262 et
722 3200 854 3262 comica:
876 3209 907 3259 et
920 3197 978 3258 alia
992 3198 1111 3258 aaltatio
1125 3197 1252 3269 satirica,

160 3319 226 3378 quae
249 3297 379 3359 Sicinnia
403 3297 567 3359 dicebatur.
609 3297 677 3359 Fuit
701 3297 770 3356 itam
791 3293 925 3355 animalia
946 3294 1076 3365 saltatio,
1097 3303 1204 3372 pacata
1225 3303 1256 3352 ot

160 3395 297 3456 honenta.
340 3395 399 3464 Qui
413 3415 482 3456 varo
496 3395 591 3454 saltur
605 3392 777 3472 pernicitate
790 3391 1011 3451 contendebant
1032 3391 1061 3450 in
1083 3388 1257 3468 gymnasiis,

160 3492 262 3554 baltici
276 3514 295 3552 a
309 3491 424 3552 Graecia
438 3491 627 3558 dicebantur;
648 3489 699 3568 qui
713 3497 812 3546 autenr
826 3486 964 3559 balmeto,
985 3486 1015 3548 id
1031 3495 1087 3556 eat,
1101 3485 1178 3544 aaltu
1192 3503 1255 3544 ccr-

162 3591 275 3660 tabant,
297 3588 377 3668 apud
401 3589 539 3668 antiquoa
562 3589 719 3648 utebantur
739 3583 921 3644 halteribua:
943 3583 987 3644 uic
1009 3581 1086 3642 eninr
1110 3583 1258 3642 vocabant

162 3687 315 3768 plumbeae
337 3686 424 3765 pilae,
445 3683 638 3756 manbrlaave,
660 3681 765 3762 quibua
787 3691 910 3759 utraque
933 3699 1020 3740 manu
1046 3697 1078 3739 ne
1097 3677 1257 3746 librabant,

163 3795 195 3843 ut
207 3784 318 3844 certius
333 3781 490 3842 assilirent.
534 3780 724 3842 Chironomia
737 3797 856 3858 quoquc
870 3785 934 3838 erat
954 3775 1072 3836 saltatio
1097 3771 1259 3852 genticula-

163 3881 229 3952 trix,
244 3879 342 3960 qualia
357 3889 414 3950 eat,
428 3895 516 3958 quarn
532 3877 695 3939 Mauricum
707 3893 866 3936 vocamus:
887 3873 966 3932 unde
981 3869 1141 3931 chironomi
1155 3867 1257 3948 bujut·

164 3977 243 4038 nodi
258 3975 484 4055 gesticulatorea
497 3974 579 4035 dicti.

204 4074 363 4134 Circenses
379 4071 453 4131 Ludi
465 4070 627 4132 certamina
644 4077 728 4128 erant
748 4065 871 4136 curulia,
896 4081 964 4143 qne
987 4062 1017 4120 iu
1040 4061 1118 4122 circo
1131 4059 1259 4122 debant:

166 4171 214 4250 qui
228 4171 315 4232 locut
329 4177 395 4232 erat
407 4179 496 4228 ovata
513 4168 610 4247 specie
632 4171 834 4234 constructus,
854 4158 1062 4238 undecumque
1084 4155 1259 4238 spectacutli
