2948 4890
248 395 313 462 tut
622 409 652 455 r.
678 401 973 454 rurrarouruus

247 553 339 618 lunii:
360 549 481 632 quidam
495 547 610 610 malunt
630 548 728 626 legere
748 546 864 622 consili,
889 547 1004 624 negoti,
1015 546 1122 626 gurdi,
1135 547 1231 626 preti)
1251 545 1345 625 eiijus,

230 709 234 716 .
248 655 353 730 cupio:
374 647 605 718 deambulatum,
619 643 703 716 Dim,
717 643 857 717 Dictum,
874 645 982 716 Dium,
997 645 1102 714 Deum,
1119 644 1210 714 Deos,
1222 643 1345 716 Demea,

248 747 357 818 dendo,
371 743 538 822 dispendio,
554 741 616 812 diu,
640 741 763 812 diutius,
789 741 892 815 Dorio,
919 741 1052 812 duarum,
1074 739 1161 812 ditas,
1175 739 1271 799 ditos:
1301 745 1345 809 iia,

247 853 278 904 et
304 841 334 900 iu
362 839 466 902 coieris
493 837 622 908 ceribus,
643 836 717 916 ejus,
745 835 899 915 ejusmodi,
928 843 1005 909 dunt,
1031 835 1167 905 eundem,
1195 841 1273 904 iam,
1302 841 1344 906 tta,

246 936 361 1008 eodem
375 941 450 1006 inm,
464 941 574 1004 borum,
589 931 641 1000 bie,
652 931 688 991 eb
702 929 908 1008 (adverbium)
923 931 1114 1010 eho‚eripiiit,
1126 936 1234 990 etiam:
1256 930 1345 1000 iiant,

246 1034 315 1104 tier,
328 1033 514 1100 fortunatior,
528 1028 593 1098 loir,
614 1027 741 1098 filerunt,
756 1025 847 1097 idere,
868 1027 981 1089 illisae:
1002 1025 1224 1105 grandiuscula,
1240 1031 1344 1105 gratis,

246 1128 414 1209 gaudilani:
451 1123 587 1202 liegioni,
616 1121 714 1200 hujus,
745 1121 930 1200 hhjusmodi:
965 1123 1092 1202 ilignais,
1119 1122 1211 1193 illius,
1239 1121 1345 1194 indtiit,

244 1225 362 1304 injuris,
376 1219 494 1282 introire
517 1217 615 1297 (quasi
635 1217 703 1278 door
717 1231 819 1278 essent
841 1219 995 1292 dictiones,
1009 1221 1086 1281 intro
1110 1219 1169 1278 ire:
1191 1219 1344 1288 introibat,

246 1320 340 1397 quasi,
355 1319 431 1376 iutro
445 1315 526 1376 ibas:
548 1314 590 1374 sic
605 1313 645 1384 iu,
660 1313 796 1387 antihac,
820 1322 934 1394 postia,
950 1315 1061 1396 qubad,
1082 1315 1179 1394 quasi,
1193 1325 1263 1373 aute
1277 1313 1344 1383 hoc,

245 1427 314 1494 post
327 1431 374 1485 ea,
387 1429 447 1492 quo
461 1409 510 1471 ad.
551 1409 602 1470 lle
616 1409 724 1487 ipsum,
739 1421 779 1481 at,
797 1420 826 1470 te
840 1411 947 1491 ipaum,
963 1431 1015 1490 pro
1029 1409 1146 1470 duabus
1161 1409 1342 1468 dictionibus

247 1509 336 1572 sumit
349 1527 464 1587 aemper
477 1507 650 1568 Terentius:
671 1505 739 1566 ideo
753 1526 770 1565 o
782 1525 897 1586 ueurpcr
906 1507 1023 1568 eliditur
1037 1508 1132 1578 in,rne
1143 1515 1173 1564 et
1181 1505 1223 1577 te)
1237 1505 1342 1563 iatius:

245 1607 383 1668 liberius:
405 1607 519 1674 maudo,
532 1605 626 1672 mars,
640 1607 717 1670 mia,
738 1607 833 1662 mium
857 1607 922 1681 (per
936 1621 1039 1662 omnes
1060 1619 1170 1662 meua:
1192 1601 1248 1673 sic,
1263 1605 1343 1670 titus,

244 1707 305 1771 iiia,
319 1705 419 1766 taum:
440 1709 481 1770 et,
494 1703 578 1770 saur,
597 1701 660 1769 elia,
681 1698 779 1771 sium)
798 1697 878 1771 milri,
893 1698 954 1774 (alii
969 1697 1083 1757 malunt
1093 1697 1202 1776 legere,
1216 1696 1278 1756 ssi:
1300 1696 1342 1755 eic

245 1795 297 1869 nil,
309 1815 368 1856 non
383 1795 434 1867 nil,
444 1813 498 1872 pro
508 1789 591 1864 nihil,
605 1789 751 1867 nonnihil)
764 1791 984 1853 misericordia:
1000 1799 1181 1865 necessario,
1194 1798 1343 1864 nuntiare,

245 1897 368 1971 nuptie,
383 1889 515 1968 nuptiis:
537 1893 637 1948 omnia
659 1889 744 1965 (sunt
768 1888 820 1966 qui
839 1889 870 1948 in
892 1889 949 1950 lroc
962 1890 1080 1950 nomine
1094 1889 1217 1968 primam
1231 1887 1343 1968 aucipi-

243 1999 304 2048 teus
315 2005 383 2048 esse
396 1985 507 2046 velint:
528 2003 597 2044 nam
613 1985 650 2044 ab
673 1985 746 2062 ipos
765 1983 926 2044 deductum
949 1985 1084 2060 uoluntz)
1103 1989 1253 2064 patruum,
1277 2003 1343 2063 per·

244 2081 340 2154 diunt,
355 2081 501 2161 perditiut,
517 2079 675 2152 Phanium,
689 2077 840 2152 Phormio,
864 2079 1084 2154 Phormionem,
1105 2087 1194 2160 prior,
1207 2079 1343 2160 prioreir,

243 2184 339 2260 prius,
352 2177 488 2258 psaltria,
502 2179 592 2255 pier:
613 2177 674 2236 rii:
695 2179 770 2246 scio,
786 2182 875 2250 scias,
898 2177 1196 2250 sciens,nesoiebam,
1218 2181 1343 2246 sciebat,

243 2275 409 2336 serviebas:
443 2271 576 2351 (quidam
607 2272 711 2352 legunt
742 2274 861 2346 sciiasr,
887 2274 1043 2348 nescibam,
1069 2275 1208 2350 senibus)
1239 2272 1342 2348 solius,

242 2376 400 2442 somnium,
427 2371 625 2440 succenseam,
655 2373 831 2430 sumtiiusa:
865 2368 976 2430 timeo:
1009 2375 1067 2442 uia,
1091 2369 1190 2442 vidite,
1213 2375 1341 2448 uspiam.

243 2467 318 2526 Haec
333 2470 392 2524 tere
406 2473 476 2522 eunt
489 2483 557 2542 qum
571 2462 744 2522 contrahere
765 2473 915 2542 coguntur
928 2463 959 2536 ii,
973 2463 1023 2543 qui
1038 2465 1174 2538 creticos,
1188 2465 1339 2538 bacchius,

241 2573 274 2621 et
297 2557 520 2639 amphibrachus
543 2557 572 2615 in
597 2557 790 2619 Terentianus
803 2577 906 2620 varrus
930 2578 990 2618 non
1009 2559 1178 2620 admittunt.
1220 2561 1340 2621 Crebris

241 2659 331 2720 etiam
344 2665 466 2716 utuntur
479 2653 661 2726 elisionibus,
684 2655 791 2733 quibus
813 2655 926 2716 literam
941 2647 1036 2718 'unam
1050 2655 1158 2716 tollunt
1170 2675 1188 2715 e
1202 2655 1340 2716 dictionis

238 2755 334 2824 initio,
348 2753 395 2811 uel
409 2750 517 2823 medio,
531 2749 577 2809 rel
592 2751 670 2810 line:
691 2751 844 2812 autetiam
858 2771 875 2811 e
893 2752 976 2812 calce
989 2751 1075 2813 duas.
1119 2750 1153 2810 ld
1167 2751 1340 2832 apostrophi

240 2862 312 2910 nota
324 2849 342 2920 ⁹,
356 2867 425 2927 quse
434 2847 527 2906 literte
540 2846 708 2925 rejiciendae
720 2847 920 2922 sdmoveatur,
933 2849 1045 2929 placuit
1058 2847 1206 2909 indicare:
1228 2859 1337 2918 tameo,

240 2964 308 3004 oum
321 2944 414 3004 literoe
429 2962 447 3001 n
463 2942 636 3022 applicatur,
650 2961 710 3002 non
726 2943 919 3022 abjiciendam
935 2943 988 3004 sed
998 2944 1142 3024 abjectam
1152 2943 1264 3004 innuit:
1287 2956 1319 3002 ut
1329 2961 1344 3023 t¹

241 3039 358 3110 adebn',
373 3037 442 3110 alu’,
457 3037 564 3106 uidin',
579 3055 641 3113 pro,
657 3036 782 3106 adeone.
798 3037 892 3112 aisne,
906 3038 1049 3100 videsne:
1070 3039 1121 3100 ubi
1134 3038 1229 3100 ethoo
1243 3038 1338 3098 obiter

239 3133 429 3204 monendum,
454 3129 585 3190 vocalem
611 3132 838 3210 precedentem,
869 3137 986 3196 brevem
1011 3134 1069 3194 hae
1099 3134 1335 3214 interrogationis

240 3227 396 3299 notafieri,
410 3225 498 3286 etiarn
519 3225 545 3284 si
561 3235 666 3288 natura
685 3227 915 3306 produceretur:
945 3229 1064 3309 quidam
1089 3231 1245 3311 ancipitem
1269 3249 1336 3290 ease

240 3324 426 3384 arbitrantur.
467 3319 648 3400 Eprinoipio
672 3321 784 3384 tollitur
798 3343 827 3398 u,
840 3334 874 3384 ut
894 3325 923 3384 in
945 3323 1123 3386 dictionibus
1142 3325 1335 3406 sequentibus

113 3427 121 3438 '
240 3419 437 3490 v’ercbanuini,
450 3415 540 3488 v’erb,
554 3417 675 3491 u'erum,
690 3419 797 3494 v’erus,
810 3421 878 3492 s’ix,
892 3419 1064 3502 u'oluptate‚
1080 3422 1238 3502 r'oluptss,
1252 3421 1334 3488 s'os:

238 3535 312 3596 quas
326 3526 360 3576 ut
372 3513 480 3574 exteris
494 3513 550 3572 illis
569 3512 693 3592 pedibus
716 3514 814 3575 locum
829 3515 942 3576 nullum
956 3519 1118 3598 prrabeant,
1131 3519 1175 3578 ita
1188 3516 1333 3579 efferunt:

238 3611 407 3680 erebamini,
420 3629 481 3682 ero,
502 3627 581 3682 erus,
595 3613 652 3670 isc.
695 3610 741 3682 ln,
755 3610 902 3692 voluptas,
928 3623 1027 3673 tamen
1052 3623 1151 3694 potest
1173 3623 1276 3674 uento
1291 3625 1334 3692 pt,

236 3717 270 3768 ut
284 3717 352 3767 aute
366 3715 478 3766 mutam
498 3724 566 3766 oum
591 3701 704 3784 liquida
724 3707 895 3768 Graecomm
918 3727 998 3770 more
1021 3719 1187 3790 correptum
1209 3710 1334 3770 censeri.

238 3803 374 3864 Emedio
388 3801 538 3864 eliduntur
551 3825 582 3878 a,
605 3823 623 3861 u
639 3803 740 3863 vocale
759 3815 790 3866 et
811 3823 986 3878 consonum,
1008 3805 1029 3878 l,
1045 3825 1072 3876 s,
1085 3817 1116 3868 et
1129 3815 1161 3865 t:
1182 3824 1210 3880 s,
1225 3817 1259 3864 ut
1272 3803 1334 3884 pa’·

238 3919 311 3972 rare,
325 3900 419 3978 quasi,
434 3918 539 3976 prere:
561 3921 580 3960 u
595 3899 718 3968 vocale:
740 3909 782 3973 ut,
799 3899 957 3980 discipuli,
972 3901 1135 3973 saeculum,
1150 3901 1334 3981 periculum,

238 4013 290 4073 per
303 4014 403 4056 omncs
418 4014 505 4058 casus
519 4000 602 4072 (aunt
615 3997 665 4075 qui
676 3995 888 4075 maliutlegere
898 3997 1030 4076 discipli,
1041 3997 1168 4071 saelum,
1177 3998 1334 4077 pes-icium,

234 4091 352 4169 pericli,
364 4091 487 4169 periclo,
501 4095 572 4168 dre.)
584 4093 723 4171 poetu’lo,
738 4093 910 4172 postulare,
925 4095 1008 4174 quasi
1022 4093 1116 4166 dioss,
1130 4092 1239 4174 poutlo,
1253 4105 1335 4174 post·

234 4189 314 4248 lare:
339 4205 551 4256 monacnum:
577 4199 620 4260 ut,
645 4189 807 4267 adjuv’erit,
830 4189 970 4262 divitias,
993 4189 1160 4260 enimv’ero,
1182 4190 1332 4262 inv'euiet,
