2948 4890
382 426 606 476 υκόωιιαια
631 427 944 480 nrunrrsrorrrrue.
1145 413 1211 480 143

112 573 138 630 ui
157 571 310 630 eximatur.
353 565 434 638 Quid
457 570 534 630 euim
557 580 646 646 esset,
668 571 847 632 ‘enimerol’
868 571 927 632 Sed
951 589 1041 632 unam
1063 571 1207 652 syllabam

110 668 215 739 luisse,
236 666 357 739 ‘enim,'
376 685 444 728 cum
458 667 568 728 vellent
591 667 732 728 arbitror:
754 667 900 747 siquidem
925 668 1063 730 Graecum
1086 669 1141 729 luit
1163 671 1206 741 ἢν,

110 767 166 834 stul.
194 765 236 822 At
249 763 336 842 quasi
351 781 405 842 pro
418 775 600 825 consonante
611 783 762 844 accepere,
773 777 806 824 ut
815 765 1009 838 ostendimus,
1020 765 1051 824 in
1065 765 1207 838 ‘Stellio,'

112 857 264 928 ‘invidia‘
285 865 293 893 ‘
302 858 432 938 injuria!
471 859 600 927 Quodsi
617 859 664 919 cui
683 859 771 940 paolo
786 861 916 939 asperior
929 861 1063 920 rideatur
1076 879 1207 941 pronun·

110 955 214 1023 tiatio;
236 953 262 1013 is
277 973 337 1014 uon
352 955 491 1026 meminit,
510 973 547 1014 ea
566 955 688 1026 ratione,
710 955 793 1015 ‘cui'
812 975 878 1017 esse
900 955 1155 1036 monosyllabum:
1177 969 1208 1020 et

111 1059 118 1085 ¹
131 1050 271 1130 Pompei’
284 1049 481 1131 disyllabum:
502 1061 533 1110 et
546 1057 554 1084 ‘
566 1051 638 1110 Gai’
652 1051 899 1132 monosyllabum,
913 1064 943 1114 et
956 1061 964 1088 ⁶
976 1053 1028 1114 bui
1040 1053 1058 1114 ι’
1071 1065 1112 1128 et,
1125 1053 1216 1132 quod'

108 1147 238 1206 omnium
264 1145 455 1206 durissimum
480 1155 537 1218 est,
559 1146 670 1208 ‘buia'
710 1146 993 1210 Proceleuamsticos
1018 1162 1115 1210 autam
1141 1147 1206 1210 aliis

110 1242 226 1302 duobus
240 1243 375 1302 versibus
390 1241 620 1304 animadvertere
634 1243 765 1322 quidam,
779 1255 903 1325 utroque
914 1245 1089 1306 exAndria:
1104 1252 1112 1279 ‘
1125 1245 1207 1306 Mala

110 1358 204 1410 mens,
217 1337 315 1398 malus
330 1338 465 1398 animus:
486 1358 572 1418 quem
588 1339 707 1418 quidem
721 1361 778 1421 ego
793 1341 818 1402 si
838 1343 979 1403 sensero!
1018 1341 1101 1402 ‘Tibi
1116 1359 1206 1422 gene·

108 1454 171 1494 runs
185 1435 312 1506 drusum,
333 1443 363 1494 et
387 1434 455 1495 lilim
469 1435 599 1496 invenies
615 1437 727 1496 sirum!
767 1439 812 1499 Ao
836 1438 873 1498 de
895 1439 990 1518 priore
1011 1438 1129 1519 quidem
1145 1455 1205 1498 non

110 1541 156 1590 est
178 1530 420 1610 disceptandum.
461 1531 495 1592 ln
520 1533 682 1612 postedore
707 1545 805 1596 autem
827 1535 942 1596 mollior
966 1545 1031 1596 est:
1053 1544 1206 1614 propterea

111 1627 189 1705 quod
204 1627 320 1706 antiqui
335 1626 519 1706 pronomina,
534 1628 614 1702 ‘mi,’
632 1639 663 1690 et
683 1629 745 1703 ‘ti,'
758 1630 961 1712 monosyllaba
975 1629 1207 1710 pronuntiabant

110 1724 147 1782 ab
161 1721 354 1784 AEolensibus
366 1733 500 1802 accepte,
512 1727 571 1803 μοι,
586 1728 648 1786 sol:
669 1735 712 1800 tu,
726 1724 778 1787 rlr
792 1728 834 1799 el,
849 1737 889 1788 te.
927 1725 977 1786 Sic
991 1725 1067 1788 enim
1081 1725 1113 1786 in
1127 1723 1207 1786 Gur·

110 1819 230 1898 guliano
245 1819 450 1900 accipiendum
465 1830 529 1882 est:
550 1821 702 1881 ‘Curator
722 1842 779 1902 ego
792 1822 844 1883 tibi
857 1821 938 1902 quod
961 1841 1054 1894 arnas,
1070 1819 1133 1902 jam
1147 1821 1205 1882 huo

109 1915 281 1978 adducam.¹
321 1914 424 1974 ‘Tibi’
444 1915 735 1995 proceleusmaticum
759 1917 807 1980 bic
829 1937 947 1998 quoque
968 1917 1087 1990 lacieot,
1109 1937 1205 1996 oeque

110 2011 260 2072 errabunt.
315 2011 383 2070 Hoc
407 2020 521 2070 tanturn
545 2012 716 2092 agebamus,
742 2023 777 2073 ut
798 2013 978 2095 intelligeres
1002 2013 1205 2076 secundiorem

109 2107 220 2167 fluxum
234 2125 335 2166 earum
351 2105 530 2186 syllabarum
553 2106 591 2168 ad
616 2109 920 2187 proceleusmaticum,
945 2129 1067 2190 quarum
1087 2107 1156 2168 duoe
1173 2107 1204 2166 in

109 2221 198 2263 uuam
212 2201 307 2281 redigi
326 2212 415 2282 atque
430 2203 597 2264 coalescere
619 2205 744 2285 possint.
787 2205 834 2266 De
854 2205 963 2268 cretico
986 2215 1095 2277 antem,
1116 2221 1204 2284 qoem

108 2299 156 2360 isti
168 2299 250 2359 omni
266 2307 374 2358 conatu
400 2298 614 2379 subterfugere,
637 2299 769 2380 pluribus
784 2301 945 2362 rationibus
960 2311 1048 2382 atque
1063 2299 1205 2380 exemplis

110 2405 156 2456 est
169 2393 395 2475 disputandum.
423 2394 511 2468 Nam,
526 2395 551 2454 si
564 2395 593 2454 in
607 2395 756 2458 heroicum
772 2396 945 2470 admittitur,
959 2397 984 2457 si
998 2399 1027 2456 in
1038 2395 1206 2476 Tragoedia,

109 2491 190 2572 qnod
204 2501 253 2552 est
266 2491 373 2571 poema
389 2489 511 2564 clarum,
535 2491 644 2565 nobile,
665 2493 787 2564 elatum,
809 2506 935 2569 castum,
955 2493 1053 2555 locum
1072 2493 1204 2562 inseuit;

109 2586 253 2668 quercia
278 2584 407 2646 medium
430 2603 466 2646 ac
487 2585 640 2666 uulgatum
661 2607 826 2650 sermonem
851 2609 911 2652 non
933 2588 1109 2669 recipiatur?
1151 2589 1207 2648 Est

109 2687 198 2766 igitur
211 2683 296 2764 apud
320 2683 459 2742 Potitum:
481 2683 541 2743 ‘Et
564 2681 740 2764 naufragum
763 2685 980 2768 Scyllaceum?
1022 2687 1204 2746 Dicentnon

108 2781 200 2844 luisse
214 2778 403 2842 emendatum
416 2779 530 2840 librum.
572 2780 613 2840 At
625 2781 696 2840 Vari
710 2793 742 2842 et
754 2783 861 2841 Tucca
880 2781 993 2860 jndicio
1015 2778 1205 2841 emendatum

109 2877 164 2938 luit
178 2877 248 2938 boc.
292 2877 331 2935 Αι
342 2885 388 2936 est
401 2875 431 2934 in
446 2874 688 2936 emendatissimo
710 2875 783 2936 libro
805 2875 985 2956 Georgicon,
1010 2874 1091 2956 quod
1115 2895 1206 2956 supra

109 2971 310 3034 adduximus:
331 2970 467 3044 ‘stellis
487 2981 519 3031 et
542 2969 700 3050 lucifiigis:
741 2972 782 3032 At
803 2982 850 3032 est
870 2971 1019 3052 Euripidae
1041 2991 1108 3032 cum
1127 2971 1207 3046 alibi,

109 3068 216 3130 lumin
233 3067 377 3128 Hecuba:
396 3067 482 3128 Annis
495 3065 528 3126 dd
542 3065 655 3128 παίδοιν
667 3065 716 3126 ito
729 3071 813 3145 respub
826 3069 990 3144 κατόψεται.
1017 3067 1092 3126 Cum
1107 3077 1206 3128 tumen

109 3163 207 3226 dicere
220 3165 389 3246 potuisset:
409 3163 525 3225 παίδων
547 3161 636 3224 δυοῖν.
677 3164 782 3243 ltaque
805 3183 860 3225 noa
879 3183 997 3244 quoque
1020 3164 1050 3223 in
1076 3161 1207 3238 Nemesi,
1289 3183 1292 3189 ·

109 3259 277 3322 studuimus
300 3261 448 3340 gravitati,
471 3271 503 3322 et
525 3261 661 3321 auribus:
683 3259 771 3322 ‘Heu
790 3280 884 3341 genus
898 3258 1078 3320 uelandum!
1118 3259 1205 3333 Nam,

109 3356 225 3435 abjecta
243 3357 457 3436 interjectione,
478 3355 639 3435 exsanguis
660 3355 754 3416 oratio
777 3365 843 3416 est:
864 3356 933 3416 item
955 3353 978 3416 si
1000 3353 1094 3428 dicas,
1114 3355 1206 3415 ‘Heu

108 3471 183 3531 gens
199 3452 353 3514 nefanda!
393 3453 432 3512 Et
445 3451 503 3513 alio
517 3453 583 3514 loco
602 3453 765 3531 posuimus,
785 3451 926 3513 ‘sinistra
937 3451 956 3512 ι’
978 3451 1122 3531 potuisset
1136 3449 1206 3526 dici,

108 3548 249 3610 ‘sooera’
283 3547 342 3608 Sed
358 3549 460 3630 paucis
474 3567 560 3610 aures
574 3551 698 3628 poetica
712 3547 791 3609 dates
806 3558 885 3609 sunt.
920 3547 1080 3620 Praeterea,
1095 3545 1119 3606 si
1133 3546 1205 3607 dac·

109 3644 189 3724 tylns
204 3655 236 3706 et
250 3655 420 3724 anapaestus
434 3645 463 3706 in
477 3645 567 3706 iambi
580 3647 647 3708 loca
661 3643 777 3708 suffecti
791 3655 871 3716 sunt,
884 3662 1009 3724 quorum
1023 3641 1133 3702 utervis
1146 3661 1206 3702 uua

106 3739 191 3800 illum
206 3751 238 3801 et
251 3741 368 3822 syllaba
381 3752 412 3805 et
425 3751 555 3822 tempore
570 3751 732 3821 superaret,
751 3761 842 3822 quare
855 3759 920 3800 earn
933 3738 1082 3799 licentiam
1096 3756 1206 3797 sarmo-

107 3835 152 3896 nis
166 3833 275 3898 eadem
290 3837 402 3916 puritas
414 3855 474 3897 non
489 3837 620 3916 oobgerit
632 3837 761 3915 recipere
775 3834 920 3916 quasdam
934 3851 1034 3904 voces,
1054 3833 1083 3890 io
1098 3833 1207 3911 qulbus

108 3941 189 3994 esset
203 3931 355 3993 creticus?
378 3934 541 4014 prasertim
555 3953 623 3994 curn
637 3952 654 3992 e
668 3933 750 4012 puris
763 3930 878 3994 creticis
893 3929 1006 4008 aliquot
1018 3947 1120 3990 versus
1134 3949 1206 3990 oon-

108 4038 199 4090 stent.
233 4027 395 4102 Proeterea,
406 4049 442 4092 ea
456 4031 587 4103 nomina,
599 4031 759 4108 uerbaque,
774 4027 868 4102 Deus,
882 4025 957 4098 dies,
971 4023 1037 4096 luit,
1051 4043 1127 4097 mea,
1141 4045 1206 4101 sua,

108 4133 170 4196 tua,
183 4143 223 4188 eo
237 4123 397 4203 pertinent,
420 4135 464 4198 ut,
485 4145 553 4186 cum
567 4125 770 4186 collectionem
785 4125 816 4184 in
830 4142 919 4183 uuam
935 4119 1078 4200 syllabam
1091 4122 1207 4200 patian-

108 4227 166 4290 tur,
181 4218 316 4282 doceant
329 4241 384 4282 nos
397 4222 426 4284 in
441 4223 550 4284 cretico
565 4221 643 4282 idem
656 4241 774 4302 quoque
789 4219 850 4282 fieri
864 4237 965 4299 posse,
979 4226 1013 4280 ut
1022 4217 1208 4280 emolliantur
