2958 4892
255 373 322 444 ibt)
590 389 784 440 arossnus
809 387 1022 440 assrnsrus

256 533 310 596 sad
323 531 394 594 dum
415 531 500 592 abest
510 529 593 610 quod
607 549 739 602 avemus,
751 529 900 592 oredimus
914 547 953 590 an
971 527 1022 610 qul
1041 539 1154 602 amant,
1168 530 1195 590 si
1208 529 1257 592 ne
1271 549 1353 592 amas

255 630 359 708 inquit,
370 639 457 689 cocto
475 627 545 688 num
560 625 647 687 adest
660 627 756 686 bonor
768 625 857 687 idam.
897 625 932 686 ln
942 625 990 686 bis
999 637 1099 688 antem
1113 625 1239 707 aliisque
1253 626 1354 690 simili·

253 727 310 784 bus
326 724 381 784 tria
394 733 464 783 sunt
477 720 679 788 observanda:
695 739 846 800 nunquam
864 721 921 782 hoc
940 721 1001 782 fleri
1016 722 1074 784 nisi
1094 723 1124 782 in
1144 723 1236 783 verbo
1249 741 1354 784 naono·

254 819 388 900 syllabo:
411 817 493 899 quod
515 817 635 878 verbum
654 817 679 876 si
692 815 724 876 in
737 816 870 876 vocalem
892 815 963 888 exit,
984 827 1102 896 oportet
1121 817 1269 897 syllabam
1287 838 1354 880 csse

253 915 374 994 longam
386 935 394 982 3
410 915 501 975 ictum
513 911 640 990 deniqne
654 911 762 972 habere
772 910 802 970 in
818 910 912 989 prims
922 911 1039 992 syllaba
1052 915 1208 993 anapesti.
1238 915 1352 974 Harum

253 1027 323 1071 vero
344 1009 547 1070 conditionum
568 1007 734 1088 ignorantia
752 1015 826 1086 quot
839 1026 933 1087 nuper
952 1009 1064 1088 peperit
1081 1009 1218 1070 erroresi
1237 1010 1312 1071 dnm
1324 1021 1355 1072 et

254 1106 283 1166 in
304 1105 496 1187 polysyllabis
516 1105 623 1176 serbis,
647 1114 679 1164 et
701 1104 730 1164 in
755 1103 878 1185 syllabis
900 1103 1047 1178 brevibus,
1066 1116 1099 1165 et
1111 1105 1140 1166 in
1155 1105 1257 1168 aliena
1270 1106 1352 1178 sede,

255 1220 345 1280 posse
359 1202 420 1262 lieri
435 1201 491 1262 boc
502 1201 721 1264 existimabant.

294 1299 392 1378 Atque
413 1297 557 1358 hactenus
580 1296 618 1358 de
642 1295 762 1358 licentia
784 1294 971 1368 Terentiana,
991 1294 1088 1376 deque
1112 1297 1176 1376 ejas
1197 1296 1353 1373 limitibus,

253 1393 377 1456 modicis
392 1413 465 1454 sane
479 1393 538 1453 illis
552 1411 648 1473 neque
662 1391 875 1452 incommodis:
891 1391 1009 1471 qualem
1023 1391 1111 1452 hodie
1124 1393 1154 1451 in
1169 1395 1268 1474 poitis
1282 1415 1353 1457 nos·

252 1490 377 1551 tratibus
397 1489 549 1570 patriaque
571 1489 674 1568 lingna
691 1488 837 1568 patienter
858 1485 989 1548 ierimus.
1030 1487 1110 1555 Quin
1133 1499 1164 1549 et
1177 1490 1275 1550 ausim
1289 1493 1353 1571 pol·

251 1586 333 1648 liceri
347 1605 530 1666 sponsorque
543 1586 616 1659 iore,
636 1583 768 1664 quemvis
781 1581 1012 1656 adolescentem,
1033 1583 1165 1664 vulgaris
1177 1583 1272 1646 modo
1285 1604 1354 1666 pro-

252 1681 346 1742 sodias
370 1693 401 1743 et
422 1682 598 1762 syllabarum
623 1680 797 1760 quantitatis
819 1679 986 1752 callentem,
1013 1679 1092 1742 lecta
1114 1699 1175 1740 una
1199 1680 1353 1762 alteraque

251 1777 390 1838 editionis
401 1789 510 1838 nosue
521 1797 621 1849 scena,
631 1797 686 1838 suo
698 1777 795 1838 Marte
806 1795 842 1837 ac
854 1777 919 1837 sine
932 1777 1074 1856 magistro
1088 1787 1182 1838 totum
1196 1775 1256 1838 boc
1270 1779 1351 1858 qnod

110 1915 125 1940 ,
251 1873 393 1951 quaeritur
411 1884 629 1954 percepturum.
670 1873 738 1942 Quo
759 1875 855 1954 magis
871 1874 986 1946 mirum,
1006 1873 1152 1953 quosdam
1165 1883 1266 1934 cetere
1280 1874 1351 1936 doc·

250 1967 391 2041 tissimos,
406 1970 459 2030 sed
474 1970 504 2028 in
519 1969 564 2030 bis
578 1971 666 2030 rebus
679 1967 769 2051 paulo
783 1972 1028 2050 dpspadesrtpaos,
1042 1979 1103 2030 tam
1117 1968 1277 2030 immodica
1287 1990 1351 2030 ser·

251 2064 355 2123 borum
369 2083 478 2146 pompa
490 2085 523 2126 se
537 2075 568 2126 et
581 2085 701 2145 operam
716 2085 801 2126 susm
814 2064 936 2125 efferre:
958 2065 1043 2144 quasi
1057 2075 1148 2125 tantae
1168 2063 1256 2124 molis
1271 2077 1352 2127 esset

252 2157 414 2220 Romanam
431 2181 510 2222 nunc
524 2161 683 2236 licentiam,
705 2171 825 2241 quantae
846 2161 915 2222 olim
937 2171 1001 2220 erat
1023 2172 1152 2240 gentem
1166 2159 1350 2221 condidisse.

252 2255 357 2336 Neque
369 2267 480 2331 tamem
500 2257 525 2318 si
539 2257 597 2338 ipsi
611 2256 751 2318 audiendi
765 2268 846 2328 sunt,
865 2255 1011 2317 immerito
1025 2256 1206 2335 gloriantur:
1228 2275 1299 2317 cum
1313 2277 1351 2316 ex

249 2369 351 2412 sorum
366 2353 512 2414 sententia
525 2353 598 2414 nibil
618 2373 677 2414 non
691 2353 837 2413 sensibus
852 2351 982 2413 comicis
997 2361 1028 2412 et
1040 2351 1155 2412 licuerit
1165 2363 1196 2412 et
1209 2352 1349 2414 libuerit:

249 2456 356 2506 uttam
372 2467 456 2526 vagae
471 2449 596 2510 licentias
610 2448 716 2510 limites
730 2447 806 2508 ullos
827 2447 975 2528 posuisse,
994 2445 1114 2528 perinde
1127 2446 1167 2506 sit
1179 2465 1215 2506 ac
1229 2449 1352 2511 Sarma·

249 2550 296 2602 tas
315 2552 346 2602 et
359 2542 491 2604 Gelonos
512 2546 589 2605 intra
609 2561 729 2623 campos
752 2561 823 2603 suos
844 2542 1022 2604 coercuisse.
1065 2541 1210 2602 Nimirum
1230 2541 1263 2604 bi
1286 2565 1349 2608 nou

248 2636 328 2718 ipsos
341 2639 456 2716 poetas,
468 2657 527 2700 non
542 2651 634 2701 artem
646 2649 680 2701 et
686 2638 813 2719 rhythmi
827 2639 957 2718 genium
968 2637 1022 2699 sed
1036 2637 1171 2699 librarios
1181 2637 1237 2699 sibi
1253 2639 1350 2703 ducas

249 2747 388 2802 sumunt:
410 2746 440 2796 et
460 2745 506 2797 tot
527 2736 587 2798 lere
606 2735 790 2796 licentiarum
803 2735 920 2816 species
934 2735 989 2796 sibi
1003 2737 1130 2816 lingunt,
1149 2745 1224 2815 quot
1236 2737 1269 2796 in
1284 2747 1351 2800 toto

249 2827 357 2891 Plauto
371 2831 566 2913 Terentioque
581 2833 695 2894 vitiosae
713 2831 857 2894 lectiones
880 2851 960 2892 nunc
981 2841 1113 2899 restam:
1134 2831 1247 2911 auique
1268 2833 1350 2911 loco,

249 2925 299 3003 qui
318 2927 521 2989 amandandus
542 2941 615 3002 erat,
636 2949 673 3005 ex
692 2929 783 2990 altero
796 2945 882 3006 saque
895 2926 1040 2988 mendoso
1053 2927 1248 3008 pstrodmm
1262 2950 1352 3010 qute-

248 3031 326 3080 ruut.
379 3021 458 3090 Quid
474 3025 578 3084 mirum
592 3025 691 3104 igitur,
712 3025 747 3097 si,
768 3043 829 3102 qno
852 3021 944 3102 msjor
966 3017 1002 3082 iis
1021 3033 1083 3082 tam
1106 3021 1192 3084 falsae
1214 3029 1352 3088 menica

247 3115 353 3174 notitia
366 3119 501 3191 accrevit,
521 3139 557 3179 eo
576 3121 605 3180 in
622 3120 696 3192 dies,
718 3131 750 3181 ut
767 3130 940 3200 quemntur,
961 3119 1056 3199 magis
1070 3119 1234 3182 decreverit
1246 3141 1354 3184 emen-

247 3208 400 3270 dationum
415 3232 533 3274 suarum
547 3215 710 3277 numerosi
750 3215 839 3286 lllud,
862 3216 888 3276 si
910 3213 1040 3288 dubitas,
1061 3214 1195 3294 exemplo
1215 3216 1275 3284 sit:
1298 3219 1354 3278 ubi

250 3303 348 3364 Plauti
372 3310 547 3370 auctoritate
572 3311 664 3391 pedes
687 3313 810 3373 creticos
835 3311 866 3371 in
886 3311 1026 3372 trimetris
1045 3311 1205 3372 asciscant.
1249 3313 1356 3376 Locus

249 3399 485 3482 elegantissimus
499 3419 556 3478 est,
570 3408 748 3480 ibinummo,
760 3427 785 3470 r.
796 3410 826 3467 2.
839 3408 869 3468 in
880 3408 1020 3481 urbemn,
1031 3425 1107 3486 quos
1120 3415 1207 3466 vocat
1216 3425 1356 3484 scurras,

330 3549 388 3617 Qui
407 3549 506 3611 omnia
520 3572 552 3613 se
566 3551 707 3613 simulant
721 3551 807 3626 scire,
827 3572 881 3614 uec
895 3551 1054 3632 quicqudm
1069 3551 1183 3612 sciunt:

327 3647 416 3714 Quod
430 3647 555 3729 quisque
569 3650 598 3709 in
612 3651 710 3711 animo
725 3648 815 3710 bibet
828 3660 880 3710 aut
893 3648 1069 3720 babiturist,
1084 3647 1202 3708 sciunt:

324 3743 439 3817 Salina,
454 3744 534 3826 quod
549 3745 579 3804 in
594 3765 693 3806 aurem
707 3744 758 3805 rex
772 3745 880 3826 reginae
895 3743 1017 3804 dixerit:

326 3841 443 3915 Sciunt,
457 3843 537 3924 quod
550 3843 631 3904 Juno
645 3841 805 3904 ldbulatast
818 3842 885 3902 edm
900 3841 978 3901 Jove
996 3859 1005 3900 :

325 3937 401 4005 Qum
416 3957 511 4018 neque
525 3941 556 3999 fu
573 3931 582 4020 Ι
598 3951 664 4001 tura
677 3959 773 4020 neque
791 3937 797 4020 Ι
814 3938 978 3998 factasunt
995 3935 1000 4016 Ι
1019 3947 1116 3996 tamen
1132 3933 1174 3994 illi
1189 3936 1310 4000 sciunt.

245 4077 330 4136 Duos
343 4079 403 4138 illic
416 4083 540 4142 creticos
554 4093 723 4160 agnoscunt
735 4093 766 4142 et
779 4081 937 4162 accipiunt,
945 4077 1128 4158 dactylorum
1140 4077 1255 4139 scilicet
1267 4086 1361 4148 vica.

243 4172 318 4230 rios:
342 4191 436 4250 neque
462 4175 517 4236 hoo
541 4177 683 4250 conteuti,
706 4178 859 4238 innumera
880 4173 1047 4256 hujusmodi
1070 4183 1208 4254 portenta
1234 4175 1363 4248 Plauto
