2978 4890
215 389 239 451 a
659 399 866 450 nuenario.

218 543 293 630 quic
315 542 408 606 cercis
422 562 483 606 eas.
527 541 616 607 Hae.
632 541 723 606 Prol.
744 542 814 608 Alt.
827 543 882 608 17.
906 538 952 606 Et
971 539 1042 607 inde
1057 543 1190 610 tercado.
1234 544 1317 612 Act.

118 705 133 728 ‚
198 685 203 694 ι
220 663 244 710 ι.
263 645 295 711 2.
318 645 372 710 15.
396 641 566 708 Consilium
588 643 826 730 contemplarer.-
847 651 881 710 et
901 647 956 710 te.
982 641 1154 733 Utcumque
1174 648 1318 714 marim.

219 748 297 814 Act.
315 763 371 812 ιιι.
392 749 424 812 3.
437 749 492 812 47.
516 743 697 811 Ereitctam
720 745 865 812 reddidit.
907 747 986 814 Act.
1011 765 1059 813 ιι.
1082 751 1114 816 4,
1137 751 1192 814 41.
1214 745 1320 814 Dere-

220 849 365 936 lirqunnt
379 848 452 912 uiri.
475 848 607 914 Pherrn.
630 849 708 916 Aet.
732 867 774 916 ιι.
791 851 821 914 1.
834 849 866 914 3.
891 847 1020 914 Reverti
1041 849 1149 916 saltem
1174 873 1236 916 aaa
1253 873 1320 937 prr-

222 952 303 1018 dere.
347 949 428 1016 Act.
453 968 509 1016 ιιι.
532 951 564 1016 2.
588 951 642 1017 39.
667 948 771 1020 Quart
794 949 960 1016 addideras
985 951 1056 1016 laic
1072 953 1318 1038 preceartituta.

223 1053 301 1118 Aet.
317 1069 367 1116 ιν.
382 1053 416 1118 1.
433 1053 487 1128 20.
511 1049 604 1121 Quod
621 1053 648 1116 ci
667 1053 735 1130 scit,
750 1061 787 1116 ut
810 1072 858 1116 rae
881 1052 1026 1120 erratici.
1071 1053 1161 1120 Haec
1184 1061 1221 1119 et
1239 1073 1319 1120 aex·

222 1163 322 1222 uentu
343 1155 409 1224 alia
436 1157 467 1220 ri
486 1155 676 1238 singillatim
702 1156 774 1220 suis
799 1155 887 1222 locis
910 1163 1133 1236 annetassem,
1148 1157 1319 1222 enimvero

222 1276 362 1334 vererer,
376 1277 419 1322 ne
431 1277 568 1342 operam
588 1257 711 1322 lusisse
724 1277 778 1322 me
794 1259 872 1342 quis
886 1257 1004 1322 merito
1025 1257 1165 1324 diceret.
1196 1257 1320 1342 Neque

223 1365 332 1426 tamen
354 1358 518 1426 affirmare
540 1360 670 1444 liquido
685 1361 805 1438 ausim,
820 1359 903 1424 nihil
923 1361 957 1424 in
975 1367 1027 1426 tot
1039 1359 1237 1438 ordinibus,
1248 1367 1324 1426 tam

224 1459 366 1530 difficilis
381 1479 474 1544 saepe
489 1461 657 1540 lectionis,
680 1462 769 1546 qued
791 1461 925 1544 quidem
941 1461 1078 1544 dignum
1092 1463 1191 1528 luerit
1205 1462 1321 1527 obser·

224 1569 436 1640 asturicam
455 1563 648 1629 industrium
671 1563 815 1646 fugisse.
858 1561 1071 1648 Quanquam,
1095 1583 1136 1629 ne
1158 1564 1192 1628 id
1212 1563 1322 1643 lieret,

225 1687 280 1734 me
302 1665 425 1732 iecisse
450 1665 581 1744 sedule,
610 1665 646 1730 id
670 1663 752 1730 seio.
797 1663 864 1730 Sed
889 1670 933 1742 et,
957 1685 997 1730 ne
1022 1665 1075 1730 Cl.
1099 1665 1227 1731 Dukeri
1248 1667 1321 1732 otio

226 1770 386 1846 abuterer,
401 1769 485 1834 satis
503 1767 617 1845 habui,
639 1769 681 1846 si,
698 1767 741 1833 de
753 1787 893 1852 quorum
906 1768 1049 1833 lectione
1064 1767 1321 1847 addubitabam,

226 1872 318 1958 quod
343 1869 519 1936 commodo
542 1870 651 1954 ipsius
674 1869 744 1934 fieri
768 1877 896 1954 posset,
921 1889 961 1934 ea
983 1870 1062 1935 loca
1086 1869 1130 1934 ad
1155 1868 1323 1936 (iudicem

226 1974 463 2058 Trajectinnm,
477 1973 690 2038 chartaceum
711 1973 820 2050 illum,
847 1977 882 2036 et
906 1970 1006 2036 Anno
1030 1972 1125 2038 145⁴.
1146 1971 1323 2056 scriptum,

229 2075 387 2157 exigeret.
430 2073 541 2157 quue
561 2074 651 2138 ultro
665 2073 745 2138 mihi
760 2075 920 2150 oblatum,
942 2093 1138 2156 summaque
1155 2073 1222 2138 fide
1237 2093 1323 2158 pree·

229 2177 355 2256 stilum,
365 2179 459 2259 patu
473 2175 677 2260 memorique
688 2176 801 2240 anime
816 2194 972 2257 agnosco.
1015 2173 1085 2240 Ubi
1098 2193 1203 2258 porro
1216 2175 1323 2239 minc-

228 2279 275 2344 ris
297 2279 457 2342 interesse
484 2277 671 2353 videbatur,
696 2278 890 2361 suppressis
914 2277 1116 2353 nominibus,
1141 2275 1322 2342 litaturum

146 2463 149 2468 Ι
231 2385 359 2446 tantum
374 2379 567 2444 mentionem
578 2378 653 2443 ieci.
696 2376 810 2462 Atque
818 2379 890 2444 haec
901 2378 1035 2462 quidem
1050 2378 1091 2442 de
1103 2376 1190 2442 Mss.
1202 2378 1327 2443 nestris

229 2480 398 2556 bissenis,
412 2485 596 2564 camparte
610 2481 701 2545 tertii
715 2481 847 2558 decimi,
861 2482 951 2546 dicta
966 2487 1076 2545 sunto.

274 2582 316 2648 In
331 2581 515 2648 (lodicibus
529 2581 630 2646 editis
639 2581 739 2670 facile
750 2583 889 2666 reliquis
905 2583 1050 2666 palmam
1070 2583 1220 2666 praeripit
1233 2582 1324 2664 prin-

231 2701 312 2769 ceps
325 2684 384 2750 illa
399 2683 514 2748 Editio
528 2682 620 2748 Anni
634 2684 730 2749 llffl.
743 2685 882 2750 triennio
897 2703 1061 2768 superaus
1070 2689 1202 2748 aetatem
1217 2683 1325 2762 illius,

232 2805 332 2871 quum
348 2783 398 2850 Cl.
413 2785 516 2850 lllieh.
529 2784 702 2850 Maittaire
710 2787 852 2870 primam
867 2793 976 2852 vocat
1021 2785 1121 2850 Hane
1132 2805 1194 2868 ege
1204 2785 1326 2850 usibus

230 2887 316 2954 meis
330 2905 525 2954 concessam
546 2906 567 2952 a
589 2888 700 2972 capite
719 2887 765 2953 ad
787 2888 913 2954 caleam
932 2889 1102 2971 percensui
1124 2891 1202 2952 autc
1223 2903 1326 2971 quam

232 2988 463 3056 illustrissimo
476 2989 727 3054 Sunderlandim
745 2987 871 3055 comiti
888 3009 931 3054 cx
947 2990 1104 3054 auctione
1117 2988 1256 3071 publica
1276 2989 1327 3054 iu·

233 3111 316 3160 saue
327 3091 435 3174 pretio
448 3089 668 3170 addiceretur,
682 3098 786 3175 atque
800 3093 836 3154 in
850 3090 1006 3174 Angliam
1021 3096 1220 3173 portaretur.
1263 3091 1327 3158 Vi-

233 3192 282 3258 dit
295 3193 354 3270 ibi,
369 3211 520 3275 ususque
538 3199 592 3258 est
617 3193 668 3259 Ol.
686 3193 762 3272 Vir,
784 3193 984 3258 Franciseus
1004 3193 1110 3268 liare,
1124 3192 1269 3258 laudans
1290 3195 1328 3262 iu

233 3311 359 3376 nupera
372 3311 435 3358 sua
447 3293 592 3358 Terentii
606 3295 770 3360 Editione.
814 3295 881 3360 Sed
903 3295 1013 3372 miror,
1034 3294 1148 3358 videre
1163 3295 1328 3376 potuisse,

234 3395 326 3478 quod
340 3413 450 3461 meam
464 3395 673 3480 pluriumque
687 3397 865 3462 oculorum
879 3397 986 3462 aciem
999 3395 1141 3478 lugeret,
1153 3415 1327 3462 nnmerum

234 3493 342 3573 illum,
356 3509 454 3578 quem
464 3495 549 3574 dixi,
562 3517 628 3562 uon
643 3499 733 3583 typis
748 3499 957 3581 impressum,
978 3497 1038 3563 sed
1052 3498 1183 3564 cuano
1198 3497 1328 3582 ascrip-

235 3603 305 3666 tum
319 3597 434 3664 luisse.
478 3597 583 3666 Addit
597 3607 721 3679 tumen,
739 3602 866 3666 nescim
880 3621 929 3679 se,
951 3621 995 3666 au
1009 3601 1155 3666 emnium
1168 3601 1327 3686 princeps

235 3701 299 3781 ait;
329 3709 421 3768 certe
450 3701 589 3786 quidem
614 3703 880 3786 antiquissimam
906 3723 981 3768 esse
1009 3701 1146 3768 saecun.
1188 3701 1327 3766 Librum

233 3803 322 3868 hunc
337 3804 466 3888 exeipit
476 3803 682 3888 Anonymns,
697 3813 912 3888 pervetustus
925 3805 992 3883 ille,
1007 3788 1064 3870 cui
1075 3823 1137 3870 uec
1152 3803 1250 3882 Loci,
1263 3823 1330 3872 neu

233 3903 451 3989 'l'ypographi
470 3925 600 3982 nomeu,
618 3923 728 3990 neque
739 3907 826 3972 adeo
842 3907 930 3970 Anni
944 3925 1099 3972 numerus
1113 3912 1165 3972 est
1181 3905 1331 3974 additus.

235 4005 393 4090 Sequitur
407 4007 521 4074 Editio
535 4009 748 4088 Tarvisiaua,
763 4011 930 4092 impressa
944 4027 1003 4091 per
1019 4009 1219 4092 Magistrum
1237 4011 1329 4078 Pau·

234 4109 303 4176 lum
320 4108 446 4188 Ferari,
471 4127 508 4178 ct
525 4113 696 4195 recognita
715 4131 774 4196 per
787 4112 987 4194 Magistrum
1001 4109 1180 4196 Aluisyum
1194 4112 1331 4178 Stran-

234 4211 352 4292 nolum,
378 4211 477 4278 Anne
502 4213 598 4280 1481.
641 4213 835 4300 Sequuntur
860 4212 1000 4280 Venetre
1029 4214 1129 4292 binae,
1158 4211 1332 4281 Annorum
