2970 4900
397 456 403 466 .
535 423 582 472 li!
604 425 808 476 TERBN'HO.

389 625 545 690 Sidonius
560 625 747 710 Apollinar.
761 628 871 696 Germ.
888 646 958 694 xx.

299 755 389 834 Quid
403 777 465 822 vos
479 759 601 842 eloquii
619 779 737 824 canam
753 761 875 840 Latini,

298 856 452 940 Arpinas,
468 857 639 938 Patavina,
654 860 847 941 Mantuano,

298 956 342 1020 Et
354 963 399 1036 te,
414 960 545 1026 comica
559 962 617 1046 qui
632 961 747 1042 doces,
761 965 906 1042 Terenti,

299 1055 344 1121 Et
357 1065 400 1136 te,
414 1064 562 1143 tempore
576 1062 635 1144 qui
651 1071 746 1128 sutus
761 1083 895 1144 severo,

298 1154 433 1236 Graios,
448 1159 582 1238 Plauto,
596 1162 687 1244 sales
701 1163 818 1246 lepore
833 1167 978 1230 nonnisi

333 1351 477 1420 Rufinus
492 1354 741 1422 Grammaticus
756 1358 1000 1426 Antiochensis.

211 1482 358 1566 Agnovit
371 1495 509 1552 metrum
525 1497 704 1573 servatque
714 1491 890 1556 Terentius
904 1499 1025 1575 ertem3

214 1583 305 1649 Nam
318 1587 472 1669 prologos
487 1588 632 1654 trimetro
647 1591 767 1657 didicit
781 1611 979 1677 componere
992 1615 1102 1676 versu,

212 1684 458 1771 Soenarumqne
473 1695 569 1755 aetna
583 1689 706 1774 primos
720 1691 806 1776 pede
820 1693 948 1760 claudit
958 1695 1088 1762 eodem.

212 1877 350 1946 Servius
363 1884 397 1948 in
412 1883 507 1963 illud,
520 1885 579 1951 lib.
597 1903 621 1949 ι.
643 1886 778 1952 AEneid.
798 1887 962 1954 ‘Talibus
976 1888 1129 1954 incusat!

171 2012 345 2078 Sciendum
373 2021 426 2082 est
450 2015 654 2096 Terentium,
676 2027 810 2104 propter
836 2019 943 2088 solam
965 2022 1212 2108 proprietatem,

129 2115 278 2178 omnibus
294 2113 441 2180 comicie
463 2135 539 2182 enee
562 2120 797 2201 praepositum
820 2123 945 2204 quibua
965 2127 1029 2200 est,
1054 2131 1213 2206 quantum

131 2213 173 2276 ad
184 2220 293 2279 uetera
305 2222 448 2298 spectat,
462 2217 606 2281 inferior.

392 2411 442 2478 Fl.
457 2413 627 2498 Sosipater
642 2413 823 2495 Chunsius,
837 2417 897 2484 lib.
913 2435 954 2483 ιι.

166 2538 252 2620 'illm
269 2551 314 2626 ⁸ut
338 2547 387 2611 uit
399 2545 508 2612 Varro
530 2547 573 2612 de
589 2548 711 2614 Latino
733 2549 901 2628 Samene,
923 2551 979 2616 lin
998 2566 1031 2613 v.
1051 2549 1133 2614 nulli
1156 2549 1214 2614 ulii

130 2661 259 2710 narrare
282 2648 442 2712 convenit
469 2666 570 2731 quam
591 2647 741 2713 'litionio
768 2654 801 2714 ar
823 2649 989 2716 Terentio·
1032 2647 1111 2724 licitu
1133 2667 1213 2714 vero

128 2739 271 2821 Trabea,
283 2745 403 2830 iuquit,
416 2755 450 2812 et
463 2747 602 2814 Attiline
616 2754 650 2812 et
660 2745 818 2814 Caecilius
832 2749 931 2814 facile
945 2755 1129 2814 moverant.

405 2920 527 2985 Isidor.
542 2919 670 3003 Origin.
682 2921 742 2985 lib.
759 2937 783 2982 1.
798 2939 874 3002 cap.
889 2921 942 2985 39.

172 3049 322 3117 Fabulae
351 3053 464 3135 poiitae
498 3051 661 3137 quaedam
694 3051 879 3118 delectandi
907 3071 1013 3117 causa
1041 3051 1214 3130 finxerunt,

129 3151 290 3234 qnondam
305 3152 348 3216 ud
362 3161 499 3220 naturae
520 3175 640 3232 rarum,
654 3153 832 3219 nonnullas
855 3153 899 3218 ad
918 3171 1027 3218 mores
1047 3152 1216 3218 hominurn

127 3251 333 3335 interpretati
354 3260 440 3317 sunt
485 3253 679 3319 Deleotundi
704 3272 809 3318 causa
833 3253 942 3331 ficus,
971 3261 1011 3318 nt
1037 3273 1109 3331 aas,
1131 3271 1214 3338 quas

129 3351 229 3434 vulgo
244 3351 370 3430 dicunt,
383 3356 437 3419 vel
452 3375 536 3438 quae
549 3354 689 3420 Plautus
704 3361 737 3419 et
746 3353 922 3420 Terentino
937 3361 1206 3439 composuerunt.

228 3531 283 3594 Ex
298 3533 436 3617 antiqno
452 3534 527 3600 eod.
543 3533 612 3598 Με.
626 3535 661 3598 in
676 3533 886 3598 Bibliotheca
901 3533 1004 3616 Regin
1018 3531 1108 3596 Gall.

171 3663 207 3728 N
209 3674 285 3730 atne
300 3665 336 3728 in
351 3667 497 3732 excelsis
511 3669 610 3732 tentio
625 3666 834 3749 Carthaginis
849 3665 927 3730 alte

215 3763 380 3830 Romania
392 3765 534 3832 (lucibus
547 3769 669 3832 belline
682 3768 798 3850 proeda
808 3767 868 3832 tui.

169 3865 349 3950 Doooripui
363 3885 472 3931 morea
485 3869 665 3946 hominum,
674 3871 913 3953 juvenumque,
927 3881 1121 3948 senumque,

216 3963 372 4044 Qualiter
386 3973 422 4031 et
436 3969 525 4032 nervi
540 3968 709 4052 decipiant
722 3965 894 4032 dominos:

171 4065 266 4144 Quid
280 4067 445 4144 meretrix,
460 4067 541 4150 quid
554 4069 631 4132 leno
644 4068 732 4132 dolie
746 4065 913 4147 conlingat
927 4083 1067 4144 avarne3

218 4167 308 4234 Haeo
320 4169 523 4251 quicumque
538 4169 628 4250 legit,
643 4170 705 4247 aio,
721 4172 816 4254 puto,
831 4173 950 4232 cautus
964 4165 1038 4231 erit.
