2948 4890
250 353 314 421 rto
548 359 685 415 ruerus
708 359 838 410 onssn
860 351 1046 410 sosnrosn

251 509 291 570 ris
304 507 413 571 vetusti
433 503 544 584 cupida
567 504 654 566 sum.¹
694 502 898 584 unseleins
921 499 1040 580 quidem
1064 497 1188 560 arbitror
1201 497 1345 558 vocalium

251 603 417 666 tenuiorum
430 600 552 662 mollitie
574 600 696 671 fectum,
719 611 753 660 ut
766 599 899 660 subirent
912 594 1005 676 pedes
1023 594 1110 656 eliani
1124 615 1132 654 r
1153 595 1197 654 sic
1211 595 1347 664 dicimus,

252 703 339 782 χρεὼ,
353 694 535 770 Πηληϊάδεω,
549 697 665 768 πόλεως,
683 698 779 754 πλέον
789 712 806 784 :⁸
819 702 853 752 ut
874 691 1029 752 bacchium
1050 690 1137 750 etiam
1151 689 1346 769 receperimus

253 795 304 854 illo
318 811 423 854 versu:
455 793 515 851 ‘Et
538 789 639 852 loereis
662 808 765 850 ocreas
788 785 870 848 leuto
892 785 1006 846 ducunt
1029 785 1171 864 argento?
1211 784 1252 844 At
1268 784 1358 844 hunc*

254 908 369 950 versum
394 885 586 968 spondaicum
610 894 695 965 putet
708 882 868 944 Diomedes
892 879 936 940 vir
957 879 1084 940 doctus:
1113 899 1173 940 uon
1198 879 1295 940 male:
1316 891 1349 940 ut

256 985 372 1046 mollior
393 981 504 1044 vocalis
527 983 632 1044 subeat
655 979 815 1042 fortiorem.
871 978 920 1038 Sic
943 975 1084 1038 creticum
1110 975 1297 1053 interposuit,
1318 981 1350 1034 ut

256 1079 431 1160 spondaeum
446 1079 557 1138 faceret
570 1077 599 1136 in
613 1077 712 1148 verbo,
727 1094 826 1136 aureo.
868 1072 956 1143 Quod
976 1073 1000 1134 si
1024 1072 1053 1130 in
1072 1071 1229 1150 Trsgoedia
1250 1067 1349 1132 cretici

257 1185 337 1248 sunt,
359 1174 389 1237 in
403 1171 529 1234 heroicis
543 1171 683 1232 bacchius
698 1181 729 1232 et
742 1169 955 1238 antibacchius,
978 1177 1012 1228 ut
1025 1179 1139 1228 teceeru
1154 1177 1348 1246 anapestum,

256 1279 319 1330 tum
334 1267 466 1340 Homeri,
479 1269 582 1346 Βορέης
594 1265 718 1348 Ζέφυρός
730 1286 781 1328 re:
803 1275 865 1326 turn
881 1262 1004 1342 Virgilii,
1019 1262 1205 1324 ‘fluviorum
1220 1282 1271 1326 rex
1287 1261 1350 1320 Eri-

257 1363 354 1426 danus
364 1362 382 1424 :'
402 1381 463 1426 non
477 1361 612 1424 ridentur
626 1355 719 1422 fuisse
733 1370 779 1422 tot
797 1370 929 1420 monstra
951 1358 1128 1430 necessaria,
1142 1368 1215 1436 quot
1228 1357 1277 1416 isti
1291 1357 1352 1416 exi·
1460 1401 1461 1404 η

257 1458 373 1522 mendis
384 1457 536 1520 elementis
546 1465 694 1531 cresruut,
705 1457 747 1529 in,
758 1455 894 1534 quidem:
916 1454 957 1526 in,
969 1453 1065 1520 sicut:
1084 1453 1125 1524 in,
1141 1452 1247 1521 simul:
1263 1463 1352 1532 atque

258 1553 339 1616 aliis:
370 1573 466 1634 neque
480 1551 682 1614 excludendos
703 1551 834 1631 integras
860 1550 951 1610 fuisse
967 1567 1067 1621 voces,
1083 1559 1135 1610 aut
1148 1547 1222 1608 alios
1237 1547 1351 1627 spurias
1461 1629 1462 1634 ἵ

258 1649 394 1730 ingenuis
406 1648 627 1729 supponendas,
642 1646 723 1727 quod
738 1647 843 1708 fecisse
858 1647 998 1706 Erasmus
1012 1653 1043 1705 et
1057 1663 1145 1722 supro
1158 1643 1352 1713 ostendimur,

258 1755 337 1806 etex
350 1743 397 1804 his
411 1753 501 1824 petet.
532 1743 609 1802 Nam
623 1743 654 1802 iu
666 1741 822 1814 Eunucho,
831 1741 1012 1820 despectam,
1021 1739 1138 1820 posuit:
1161 1727 1353 1820 despicatum,

259 1839 394 1900 sustulit:
410 1838 548 1900 ‘Habeat
559 1837 753 1918 despicetsm,
762 1847 793 1898 et
802 1857 870 1916 quas
881 1855 936 1898 uos
948 1855 1063 1914 semper
1073 1835 1210 1896 omnihus
1221 1835 1356 1896 crucient

259 1933 379 1994 modis.’
407 1935 498 1994 Auxit
516 1933 604 1994 etiam
618 1951 744 1994 errorem
758 1932 816 1992 elie
829 1931 928 2011 culpe,
938 1951 1006 1990 curn
1020 1950 1057 1990 ex
1067 1929 1171 1992 eadem
1181 1929 1282 1990 fabule
1292 1951 1355 1990 rer·

260 2048 326 2090 sum
345 2029 473 2109 fingitex
487 2029 565 2107 putis
579 2028 716 2090 creticis:
737 2027 872 2092 ‘Siccine
882 2026 968 2106 sgisi
984 2027 1052 2106 quis
1064 2036 1097 2088 tu
1111 2027 1199 2087 homo
1213 2025 1269 2088 esi
1283 2025 1355 2106 quid

263 2124 316 2186 tihi
337 2123 404 2186 uisi
438 2123 510 2203 quid
531 2144 598 2185 curn
622 2124 674 2186 ille
696 2124 738 2186 rei
753 2123 806 2186 tibi
826 2122 915 2186 asti'
950 2123 1046 2192 Quem
1075 2133 1173 2184 temen
1199 2123 1356 2182 iambicum
1463 2173 1464 2178 ,

261 2218 436 2300 quadratum
450 2237 607 2298 agnosces.
650 2218 718 2279 Pari
738 2218 911 2280 infelicitate
925 2227 956 2278 et
969 2218 1051 2278 illum
1064 2239 1101 2279 ex
1115 2217 1227 2278 Andria
1240 2217 1357 2277 creticis

261 2313 417 2386 conclusit,
442 2314 493 2394 qui
512 2323 592 2374 esset
614 2314 748 2376 senarius
772 2313 904 2394 integer:
925 2313 981 2372 ‘ln
996 2311 1172 2392 denegando
1188 2311 1277 2372 modo
1292 2313 1356 2392 quis

261 2407 357 2487 pudor
370 2417 417 2470 est
439 2407 613 2490 paululum,'
638 2409 776 2470 restituta
790 2429 919 2489 numque
942 2427 995 2488 per
1013 2409 1127 2470 initium
1141 2408 1357 2488 praepositione,
1464 2445 1465 2452 κ

261 2522 350 2583 quem
363 2502 412 2563 ille
427 2503 513 2564 nimis
527 2503 710 2566 confidenter
729 2505 890 2567 sustulerat
903 2507 932 2566 iu
946 2505 1049 2587 prioris
1063 2505 1161 2578 finem,
1180 2505 1267 2566 tolles
1278 2505 1358 2565 illius

262 2607 293 2658 et
305 2617 441 2672 errorem,
455 2609 484 2660 et
498 2598 673 2661 audaciam:
688 2599 775 2660 simul
790 2601 994 2681 deprehendes
1008 2619 1139 2662 crassam
1150 2600 1287 2680 culpem:
1308 2597 1358 2680 qui

262 2693 402 2756 creticum
415 2714 452 2756 ex
465 2695 558 2756 trihus
572 2696 693 2756 vocibus
718 2697 886 2757 confectum
901 2697 934 2758 iri
949 2697 1077 2778 sperarit
1090 2695 1158 2770 illis,
1177 2697 1245 2776 quis
1260 2697 1358 2775 pudor

262 2799 319 2850 est.
358 2791 469 2853 Verum
490 2791 540 2854 ille
553 2791 596 2854 vir
618 2793 761 2854 curiosior
783 2792 873 2873 paulo
892 2792 949 2853 fuit
970 2791 1163 2853 emendandis
1178 2793 1356 2852 auctoribus.

265 2884 342 2946 Nem
357 2893 387 2945 et
400 2884 480 2964 apud
495 2885 658 2947 Senecam:
681 2889 811 2947 ‘Arcum
833 2888 962 2947 intensio
975 2887 1095 2967 frangit,
1113 2886 1241 2946 animum
1256 2887 1358 2947 remis·

265 2979 348 3040 sio:'
368 2999 434 3040 eum
449 2981 488 3042 ibi
503 2980 578 3040 dixit
590 3001 656 3042 esse
670 2982 818 3042 inversum
828 2981 983 3056 reundum,
992 2993 1080 3062 atque
1094 2983 1158 3062 ipse
1172 2983 1214 3043 sic
1222 2983 1359 3044 invertit:

263 3077 432 3138 ‘semissis
446 3075 575 3136 animum
589 3075 707 3156 frangit,
723 3096 824 3138 arcum
834 3077 982 3138 intensio!
1024 3079 1156 3139 Dixisset
1168 3077 1362 3152 commodius,

265 3171 346 3253 quod
360 3171 399 3232 ad
420 3171 511 3250 pedes
537 3171 652 3246 attinet,
678 3173 720 3234 sic
733 3173 794 3253 legi
817 3193 927 3254 posse:
956 3193 1045 3247 nunc,
1060 3195 1127 3236 curn
1153 3175 1362 3238 necessitarem

265 3267 359 3338 affert,
373 3285 493 3328 censam
506 3287 590 3328 susm
600 3269 672 3329 facit
685 3267 867 3332 deteriorem.
902 3271 980 3332 Nam
994 3283 1025 3332 et
1038 3272 1081 3332 sic
1096 3273 1229 3332 senarius
1244 3282 1310 3332 est:
1331 3281 1364 3332 et

264 3363 294 3424 in
310 3362 374 3423 eliis
388 3363 468 3444 apud
478 3364 604 3426 eundem
616 3379 763 3427 auctorem
778 3367 900 3428 senariis
915 3387 975 3428 nou
989 3369 1161 3428 observatas
1171 3369 1266 3449 megi:
1279 3363 1363 3447 leges

264 3459 426 3542 intelligas,
439 3481 528 3540 quam
543 3462 573 3522 iu
587 3463 752 3524 Comoediis
771 3474 822 3526 sut
836 3464 902 3525 aliis
917 3465 1049 3536 Fabulis,
1064 3464 1144 3526 unde
1159 3465 1208 3526 ille
1222 3477 1362 3528 sumeret.

266 3556 355 3626 Quod
368 3556 394 3616 si
408 3555 502 3618 scrius
516 3558 726 3638 contemplere,
740 3559 828 3639 louge
839 3561 1012 3630 concinnior
1022 3560 1170 3622 sententia
1182 3572 1247 3622 est:
1270 3581 1359 3642 quam

265 3651 411 3712 deformat
432 3651 482 3713 ille
503 3653 668 3714 inversione
692 3673 757 3716 sua.
799 3655 877 3717 Nem
893 3657 1050 3730 sententia,
1063 3658 1181 3720 temetsi
1203 3649 1358 3738 requaliier

266 3746 304 3808 de
318 3767 399 3822 arcu,
412 3757 442 3807 ct
456 3747 494 3809 de
508 3749 617 3821 animo,
640 3750 811 3828 pronuntiat
831 3771 883 3831 per
897 3753 1054 3824 contraria,
1068 3762 1167 3812 tamen
1181 3752 1247 3812 rult
1260 3771 1362 3814 arcum

265 3843 371 3906 referre
385 3843 425 3903 ud
439 3844 578 3917 animum,
599 3844 738 3923 quoniam
762 3845 801 3906 de
825 3848 923 3908 animo
947 3848 1053 3927 querit
1076 3857 1215 3910 statuere.
1256 3848 1362 3928 ltaque

265 3957 324 3998 non
341 3939 378 3998 ab
391 3957 427 3998 eo
440 3937 580 4024 incipere,
595 3939 648 4000 sed
663 3941 693 4000 iu
707 3961 743 4002 eo
758 3943 934 4005 senteutiam
948 3945 1103 4006 terminare
1115 3945 1262 4024 oportuit:
1283 3965 1363 4025 pree·

268 4033 366 4094 sertim
390 4052 457 4093 curn
479 4044 586 4112 praeter
600 4037 834 4115 expectationem
857 4039 894 4101 de
913 4041 1010 4100 animo
1024 4041 1142 4102 sentiat.
1184 4041 1266 4100 Nihil
1285 4042 1365 4101 enirn

268 4125 383 4202 mirum,
409 4127 577 4190 intensione
599 4148 708 4205 mcum,
733 4143 764 4194 at
784 4133 888 4196 mirum
912 4137 1083 4198 remissione
1108 4136 1238 4197 snimum
1257 4137 1364 4217 frangi.
