2948 4890
259 379 322 446 140
548 397 682 450 iunius
707 397 836 446 cassa
861 398 1047 448 unsarana

259 539 399 618 scripturn
413 549 460 598 est
482 538 557 599 inter
571 537 788 600 adolescentem
802 551 833 600 et
842 537 950 612 lenam,
965 542 1087 602 senariis
1102 541 1256 621 expletur:
1278 561 1345 622 quo-

259 635 336 694 niam
357 635 395 694 eit
408 636 536 696 narratio
563 635 719 716 quasdam:
741 655 909 716 quanquam
935 657 973 697 ue
1000 639 1049 698 hic
1076 639 1195 718 quidem
1223 657 1347 718 sempep.

261 729 337 790 Nam
351 729 449 812 longis
468 733 600 794 versibus
622 743 721 794 namot
741 733 770 792 in
786 733 924 794 Rudente
934 734 1081 814 Grippus,
1095 737 1209 796 eventis
1224 735 1348 796 fortunae

259 845 326 886 sese
339 828 415 888 bene
437 839 600 908 acceptum.
629 829 669 889 At
682 829 712 888 in
733 828 838 890 endem
858 849 947 891 senex
972 831 1116 891 somnium
1136 831 1285 892 trimetris.
1307 833 1350 891 lla

258 923 389 1004 utrisque
404 943 482 996 vero,
503 935 591 1004 atque
601 925 689 985 etiam
701 925 765 985 aliis
780 925 874 985 mistis
888 925 975 986 Sosia
988 925 1226 1006 Amphitryonis:
1258 945 1352 1006 quan·

259 1038 358 1098 quam,
375 1020 422 1080 ubi
437 1021 476 1080 ad
493 1041 597 1081 manus
612 1030 731 1082 ventum
745 1031 801 1092 est,
816 1021 977 1082 iamborum
991 1025 1049 1082 rim
1064 1037 1153 1104 atque
1167 1023 1350 1084 alacritatem

260 1115 414 1177 minutiore
428 1137 500 1198 gyro
514 1117 607 1179 flectit
620 1136 656 1178 ao
669 1117 773 1178 vibrat.
805 1117 881 1176 Cum
895 1117 983 1197 igitur
996 1131 1055 1177 tam
1078 1120 1297 1179 inconstantem
1314 1120 1352 1180 le·

260 1229 327 1288 gem
338 1211 501 1286 rideamus,
512 1223 545 1274 ut
557 1212 719 1293 illispoitia
733 1231 828 1292 neque
841 1231 920 1273 curer
935 1213 1032 1285 luerit,
1043 1215 1085 1273 uti
1100 1214 1242 1288 lacerent,
1256 1235 1352 1296 neque

259 1306 343 1368 salvo
370 1310 433 1388 puri
462 1309 604 1370 sermonis
627 1307 721 1368 nitore
744 1307 860 1370 efficere
880 1317 1012 1387 potuere,
1035 1310 1077 1370 uti
1101 1309 1229 1370 numeris
1251 1321 1353 1371 essent

260 1403 489 1474 astrictioribuar
512 1425 567 1466 nos
590 1406 633 1466 sic
648 1406 777 1476 inventa,
796 1417 848 1464 ant
860 1405 1110 1484 quemadmodum
1124 1407 1266 1479 existunt,
1286 1427 1352 1486 per·

259 1499 419 1574 mittamus,
433 1513 485 1563 aut
498 1503 523 1564 si
537 1502 609 1582 quid
624 1503 732 1562 sinistri
748 1521 812 1562 sese
824 1500 938 1573 offerat,
947 1521 984 1567 ne
993 1503 1096 1563 odiose
1105 1513 1351 1582 extorqueamus:

258 1599 420 1675 praesertim
435 1620 502 1660 oum
521 1599 647 1662 lineatim
661 1599 762 1660 vitium
777 1619 843 1659 curn
860 1599 985 1670 Grecis,
1001 1599 1081 1658 unde
1096 1601 1282 1669 sumsiaaent,
1296 1599 1351 1659 sibi

259 1713 426 1768 commune,
448 1697 576 1769 licentia,
592 1699 635 1758 uti
649 1696 735 1770 solet,
750 1716 867 1757 auxere.
910 1695 988 1756 lllud
1002 1715 1081 1768 vero,
1095 1695 1176 1776 quod
1191 1695 1282 1776 aliqui
1297 1695 1353 1755 dn·

258 1791 391 1866 hiando,
405 1795 526 1874 quidam
539 1796 627 1855 etiarn
642 1794 839 1856 asseverando
848 1795 1007 1873 negabant,
1019 1793 1148 1852 Fabulae
1159 1793 1352 1852 Terentianae

259 1887 395 1948 trimetris
419 1890 667 1970 circumscriptae,
694 1890 799 1950 falsum
824 1909 891 1949 esse
913 1889 1167 1970 deprehendimus.
1221 1887 1300 1949 Nam
1323 1901 1354 1949 et

259 1981 337 2060 apud
353 2003 419 2044 eum
435 1989 551 2065 poiitam
576 1987 644 2068 plus
667 2007 733 2048 esse
755 1985 842 2066 hujus
856 1987 993 2048 carminis
1012 1986 1161 2046 invenies:
1187 1997 1219 2046 et
1238 1997 1357 2058 contre,

260 2078 340 2158 apud
356 2079 492 2142 Plautum
508 2083 681 2162 quadratos,
695 2083 810 2163 aliaque
824 2083 989 2162 longiorum
1002 2101 1120 2160 genera.
1141 2083 1254 2144 Andria
1267 2101 1353 2162 paene

260 2195 297 2236 er
311 2195 398 2255 aequo
411 2177 506 2238 diuisa
519 2180 549 2238 in
564 2191 718 2259 utrumque
733 2199 826 2259 genus
840 2189 897 2240 est.
939 2179 1028 2238 Haud
1053 2179 1131 2240 enim
1151 2180 1194 2239 ita
1208 2179 1304 2239 multo
1315 2181 1353 2240 ab

258 2271 356 2352 longis
371 2275 552 2336 senariorum
565 2297 705 2342 numerus
720 2287 884 2356 superatur.
926 2277 961 2335 lu
985 2275 1139 2348 Eunucho,
1153 2287 1184 2336 et
1198 2276 1352 2336 Heauton·

260 2371 464 2445 timorumeno,
479 2374 558 2436 item.
601 2376 641 2436 At
665 2375 695 2434 in
718 2373 862 2452 Adelphis
882 2393 968 2454 pmne
990 2393 1027 2433 ex
1040 2371 1205 2452 quadrante
1218 2371 1301 2450 longi
1317 2374 1353 2431 ab

260 2467 384 2526 senariis
408 2468 601 2530 exceduntur.
657 2470 866 2530 Phormionem
890 2471 988 2550 potior
1011 2469 1191 2528 senariorum
1215 2487 1353 2532 numerus
1464 2471 1465 2476 ’

259 2563 388 2625 conticit.
431 2565 549 2646 Hecyra
558 2566 652 2628 laxior
665 2567 776 2638 fabula,
788 2585 823 2626 ao
837 2565 1000 2646 pedestrior
1012 2575 1080 2625 est:
1100 2564 1210 2643 itaque,
1224 2565 1353 2626 omnium

259 2658 510 2734 Terentiauarum,
525 2664 564 2724 ad
578 2683 740 2724 sermonem
756 2663 959 2744 quotidianum
974 2661 1206 2741 quamproxime
1221 2661 1352 2721 accedit:

261 2767 417 2819 esttamen
432 2761 460 2818 in
477 2779 513 2820 ea
526 2761 706 2822 senariorum
720 2762 788 2836 plus
802 2759 888 2819 tertia
901 2769 995 2838 parte.
1036 2759 1077 2818 At
1088 2766 1202 2828 contra,
1216 2755 1354 2816 Plautina

261 2853 445 2934 Amphitryo,
458 2870 488 2917 et
501 2857 637 2930 Rudens,
651 2859 700 2918 vix
714 2867 794 2918 totus
805 2856 957 2936 quadrans
971 2854 1104 2934 expletur
1118 2852 1251 2914 senariis.
1286 2853 1354 2914 Asi·

261 2949 354 3022 naria,
377 2952 527 3031 Epidicus,
550 2975 639 3034 quam
652 2965 805 3033 tantopere
818 2954 881 3032 ipre
896 2961 998 3012 auctor
1020 2949 1134 3022 laudat,
1158 2949 1354 3023 Mostellaria,

263 3045 451 3120 Menaechmi,
473 3050 573 3122 Miles,
596 3051 753 3122 Mercator,
772 3048 952 3121 Pseudolus,
967 3045 1127 3118 Aulularia,
1140 3043 1261 3118 Casina,
1276 3047 1355 3106 Gur-

261 3141 354 3220 gulio,
368 3143 544 3216 Bacchides,
557 3158 610 3206 aut
622 3165 658 3205 ex
672 3148 804 3226 utrisque
819 3165 904 3224 reque
917 3153 1066 3214 constant,
1091 3141 1243 3201 autetiam
1257 3143 1353 3202 minus

261 3239 373 3298 habent
387 3240 578 3303 senariorum.
620 3243 735 3322 Captivi
749 3263 829 3315 vero,
851 3253 881 3303 et
903 3242 1005 3313 Persa,
1026 3249 1057 3300 et
1071 3237 1213 3298 Poenulus
1226 3237 1294 3316 plns
1309 3236 1355 3298 di·

262 3333 352 3394 midio
376 3344 465 3395 textas
491 3347 561 3396 sunt
583 3338 690 3418 longis.
739 3339 925 3398 Trinummns
950 3336 1102 3414 legebatur
1124 3333 1269 3392 hactenus
1292 3342 1356 3393 tota

262 3430 425 3511 quadratis,
450 3443 502 3492 aut
523 3453 581 3493 nori
607 3428 700 3494 multo
722 3434 912 3494 brevioribus.
954 3431 1026 3490 Eam
1051 3447 1105 3488 nos
1119 3427 1160 3486 ita
1174 3428 1355 3488 restituimus

262 3529 395 3610 pristina
409 3529 580 3603 sinceritati,
594 3541 629 3590 ut
638 3530 676 3590 ad
690 3530 868 3610 quingentos
881 3527 1011 3587 senarios
1024 3523 1251 3584 excusserimus.
1273 3523 1356 3592 Quo·

262 3645 325 3687 rum
342 3637 439 3686 tamen
454 3645 576 3686 numero
596 3637 742 3708 praestant
765 3624 847 3704 longi
865 3641 969 3682 versus
983 3621 1084 3700 duplo.
1125 3618 1221 3688 Quam
1234 3637 1355 3698 operam

263 3723 437 3784 etiamnum
459 3723 639 3782 Truculento
663 3721 918 3802 impendissemus,
938 3717 1028 3798 paulo
1048 3716 1145 3774 minus
1159 3713 1297 3774 ducentia
1311 3735 1356 3775 re·

263 3820 407 3894 lormatia,
417 3831 529 3880 mutam
542 3818 708 3898 longiorum
723 3815 887 3876 invenimus
897 3811 1123 3882 multitudinem,
1133 3809 1181 3868 rix
1192 3819 1226 3868 ut
1239 3808 1354 3871 illorum

263 3915 294 3976 hi
307 3927 409 3977 essent
420 3935 489 3998 pars
503 3915 617 3995 quinta.
658 3915 757 3992 Atque
781 3915 805 3972 is
827 3912 909 3970 labor
922 3929 982 3970 uon
995 3917 1104 3967 temere
1118 3917 1275 3985 susceptus
1289 3917 1355 3968 est:

264 4031 330 4072 cum
341 4025 401 4073 tam
414 4012 500 4073 facile
513 4009 699 4072 mendacium
714 4008 887 4078 Quintiliani
902 4005 1077 4066 auctoritate
1091 4011 1249 4081 tegeretur.
1279 4003 1356 4062 Nam

264 4109 312 4169 isti
327 4110 426 4187 magni
439 4109 503 4180 viri,
517 4107 587 4168 dum
601 4107 673 4166 nihil
688 4107 873 4166 inexcussum
890 4103 1002 4174 uolunt,
1023 4112 1054 4160 et
1068 4099 1223 4160 fastidiunt
1234 4099 1356 4172 leviora,

264 4205 331 4287 plus
351 4205 483 4286 profecto
498 4205 621 4268 nominis
635 4215 789 4285 usurpant,
812 4221 900 4284 quam
924 4209 1036 4279 ponant
1057 4215 1165 4278 opere.
1206 4197 1356 4266 Quemad-
