2958 4892
409 405 456 454 on
480 403 620 454 sarnus
642 403 913 456 runnnrrsnrs.
1143 391 1208 460 241

116 551 190 608 Cum
203 548 247 608 sic
261 565 377 608 caesura
390 547 530 628 ponenda
542 559 632 622 esset,

233 675 423 736 Concurrunt
434 677 496 737 laeti
509 678 550 738 mi
563 677 678 738 obviam
696 676 702 758 Ι
719 677 901 758 cuppediarii
915 695 1027 750 omnes,

235 771 354 844 Ostorii,
369 771 450 842 lanii,
464 774 561 852 coqui,
578 772 585 853 Ι
602 773 736 842 sartores,
755 773 926 852 piscatores.

116 896 193 958 lllud
207 917 325 978 quoque
339 899 368 958 in
382 899 439 959 hoc
453 919 561 979 genere
575 899 803 972 observandum,
817 898 922 980 pedem
935 899 1016 960 illum
1030 909 1099 961 ante
1111 921 1207 962 coesu·

118 1013 187 1067 ram,
202 996 242 1053 mi
256 995 381 1066 obviarn,
395 1004 436 1068 et,
450 995 460 1055 i
474 998 561 1076 coqui
572 1016 698 1076 semper,
711 1007 745 1056 ut
758 995 818 1069 lric,
838 996 980 1059 creticum
993 997 1040 1056 vel
1054 997 1081 1056 ei
1095 1000 1208 1078 ἰσόχρυ-

118 1116 166 1151 νον
179 1091 276 1151 medin
287 1091 367 1150 brevi
382 1111 449 1151 esse
462 1102 611 1172 oporteret
633 1093 746 1152 nullum
767 1092 816 1152 hic
828 1092 908 1171 apud
928 1093 1069 1152 Nostrum
1083 1094 1209 1154 licentius
1227 1089 1231 1102 '

118 1187 214 1246 locum
227 1206 313 1255 esse:
335 1206 395 1247 non
410 1187 504 1268 magis
518 1207 607 1268 quam
626 1189 656 1248 in
678 1191 737 1249 fine
757 1189 874 1248 senarii.
916 1188 990 1248 lloeo
1004 1209 1141 1249 versuum
1155 1190 1210 1250 ho·

120 1303 179 1342 rum
192 1281 308 1344 indoles
322 1293 353 1344 ct
366 1284 431 1344 sola
445 1284 540 1364 gratia
553 1292 618 1344 est:
632 1301 720 1364 quam
734 1286 763 1342 in
778 1293 881 1344 nostra
894 1281 1021 1344 editione
1034 1285 1210 1346 incolumem

120 1380 244 1447 habent;
260 1380 289 1438 in
303 1380 447 1460 prioribus
460 1400 530 1443 vero
544 1389 613 1442 ante
627 1400 683 1442 nos
696 1380 854 1442 innumeris
866 1379 981 1440 mendis
996 1380 1210 1462 strangulatam

122 1488 149 1536 st
161 1475 319 1556 sepultam.

294 1651 469 1728 unstrot,
490 1651 723 1727 Bnccrtttcr,
745 1651 1037 1715 CHORIAMBICI.

160 1787 264 1862 Porro,
283 1809 371 1870 super
394 1791 450 1850 hos
472 1790 614 1852 iambicos
636 1789 871 1872 trochaicosque,
895 1793 982 1854 etiam
1002 1793 1130 1867 creticis,
1144 1795 1214 1854 bac·

124 1885 241 1960 chiaus,
254 1887 516 1968 choriambicisque
529 1889 673 1960 uersibus,
685 1889 736 1948 sed
750 1888 840 1949 semel
851 1898 965 1949 tantum
976 1889 1112 1968 singulis,
1123 1889 1214 1950 utitur

124 1983 292 2051 Terentiusz
314 1983 415 2063 sisque
434 1985 463 2042 in
478 1983 618 2045 monodia
631 1983 785 2057 duntaxat,
799 2001 951 2064 uunquam
965 1983 994 2043 in
1010 1985 1157 2046 diverbio:
1173 1983 1214 2059 hi,

124 2080 254 2159 ringente
268 2081 340 2142 licet
352 2080 472 2155 invidia,
493 2081 579 2142 nobis
593 2100 625 2142 se
640 2079 720 2162 apud
734 2077 875 2142 Nostrum
890 2079 1019 2140 debent:

124 2225 256 2276 Creticus:
354 2226 439 2277 Tlmta
450 2241 481 2277 ra
495 2226 500 2291 Ι
515 2225 641 2278 corditio
654 2225 660 2292 Ι
674 2225 862 2292 nttccuiquam
876 2225 882 2290 Ι
896 2226 925 2275 ut
936 2225 995 2276 siat.

357 2307 472 2358 ctsrtrn
499 2306 626 2371 ledrtltm
656 2306 784 2374 lctstltu
876 2304 1012 2370 lmtitas.

126 2381 297 2436 Brochiccnr:
358 2385 451 2437 Adnue
461 2385 500 2436 Ar
513 2387 518 2450 Ι
532 2385 614 2451 chylls
625 2401 684 2453 qum
696 2385 728 2435 nd
742 2385 748 2450 Ι
762 2385 846 2436 ιοΙέιιι
856 2399 964 2452 quaeque
977 2383 983 2452 Ι
997 2384 1110 2450 oportet.

191 2457 195 2466 ’
356 2467 488 2517 Ηοιιέιιιι
501 2465 507 2532 Ι
521 2467 639 2517 honestos
653 2465 658 2533 Ι
672 2467 792 2517 honestas
806 2467 811 2530 Ι
824 2465 953 2516 honestas.

128 2544 331 2596 morimbicssr
358 2545 505 2610 'Obstipuit
523 2545 529 2610 Ι
543 2545 650 2611 ρέοιοιε
662 2561 711 2598 con
726 2545 731 2612 Ι
745 2548 837 2598 statere
846 2545 882 2596 nil
896 2547 900 2611 Ι
915 2546 1004 2596 consili
1015 2547 1080 2611 quit.

358 2625 509 2678 contremui
522 2625 528 2692 Ι
543 2627 687 2678 contremui
721 2627 885 2692 'contremui
899 2627 904 2690 1
919 2626 1098 2677 contremisco.

128 2747 166 2807 lli
179 2759 288 2821 maren,
313 2767 393 2807 more
408 2747 527 2822 Graeco,
548 2749 738 2808 novissimum
760 2747 814 2807 sibi
836 2767 951 2807 versum
966 2747 1085 2806 alterius
1100 2749 1215 2828 generis

127 2858 289 2918 assumunt,
302 2854 335 2904 ut
348 2863 401 2924 pro
416 2843 542 2926 rhythmi
556 2843 668 2904 ratione
682 2862 750 2903 cum
765 2841 888 2921 strepitu
904 2861 938 2901 ao
950 2860 1056 2904 canore
1068 2843 1215 2908 liniantur.

557 3063 788 3125 CLAUSULAE.

167 3181 212 3240 De
225 3173 367 3239 clausulis
381 3179 424 3238 sic
438 3177 532 3236 Varro
546 3178 625 3256 apud
641 3177 791 3248 Rufinum,
806 3195 835 3255 p.
852 3179 940 3238 2707.
964 3185 971 3213 ‘
988 3181 1144 3243 Clausulas
1160 3186 1218 3266 pri-

128 3295 205 3335 mum
232 3273 397 3356 appellatas
424 3273 537 3346 dicunt,
557 3273 638 3354 quod
666 3272 838 3334 clauderent
863 3275 1057 3337 sententiam:
1082 3287 1117 3340 ut
1139 3281 1218 3360 apud

126 3371 247 3434 dmm
260 3415 267 3431 ·
286 3466 334 3524 Ao
348 3463 422 3526 haec
432 3465 494 3545 jam
507 3464 592 3525 obliti
605 3464 675 3525 suut
687 3463 844 3546 Phryges?

128 3563 348 3641 Nonnunquam
363 3563 401 3620 ab
413 3561 459 3620 his
472 3561 587 3620 initium
602 3560 654 3629 litr
676 3571 709 3621 ut
723 3560 802 3641 apud
818 3559 987 3624 Caecilium:

370 3655 409 3716 Di
422 3655 502 3728 boni,
516 3654 588 3735 quid
601 3654 681 3716 hoc?

126 3752 207 3833 apud
218 3752 406 3813 Terentium:
609 3751 778 3814 Discrucior
790 3752 901 3812 animi.’

11 3905 12 3910 ,
128 3849 208 3910 lluic
220 3847 334 3909 ultimas
348 3847 426 3910 adde
436 3847 525 3908 aliam
538 3866 574 3908 ex
589 3845 719 3908 Nostro:

568 3941 682 4002 Occidi.

126 4039 269 4101 Ceterum
282 4039 320 4099 de
333 4038 475 4100 clausulis
488 4039 546 4100 hoc
559 4060 620 4100 uno
636 4041 724 4100 verbo
738 4035 848 4098 dixisse
862 4029 1004 4096 sufficiat:
1021 4037 1044 4095 si
1060 4039 1097 4098 ab
1111 4037 1153 4098 eis
1167 4039 1221 4098 ini·

126 4139 199 4198 tium
214 4137 259 4210 fit,
272 4137 374 4196 liberm
388 4148 458 4198 aunt
471 4149 502 4197 et
515 4137 625 4196 nullius
640 4135 724 4196 metri
745 4137 861 4214 legibus
875 4135 1022 4194 astrictae:
1045 4135 1089 4194 sin
1104 4145 1223 4195 senten·

126 4233 196 4296 tiam
217 4231 375 4306 claudunt,
396 4252 415 4293 a
436 4231 673 4312 procedentibus
694 4231 791 4311 legem
814 4232 971 4313 accipiunt.
1013 4231 1134 4293 Scilicet
1157 4239 1224 4308 post

191 4344 463 4410 Deipl.ctl¹cr.clor.
636 4343 730 4394 rom.
1135 4341 1159 4392 Q
