2958 4892
249 400 318 466 244
586 403 780 462 tresanus
805 397 1017 456 onustatus

254 565 378 616 excusat
392 553 525 626 Maurus,
549 551 607 612 boc
628 561 694 612 est:
713 546 796 628 quod
818 548 848 606 in
873 544 995 608 sedibus
1018 543 1150 624 paribus,
1166 541 1302 602 secunde
1321 553 1349 604 et

254 663 359 732 quarta
373 655 489 728 (nempe
504 659 626 726 uterque
638 665 690 724 per
712 643 861 722 dipodiam
885 641 1039 704 iambicam
1064 637 1232 698 dimetitur:
1254 637 1284 696 in
1306 659 1349 698 ra·

253 749 333 806 tione
348 759 449 805 nostra
472 754 557 802 erunt
580 740 675 820 prima
698 747 730 798 et
751 737 849 808 tertia,
873 735 966 816 pedes
988 735 1103 796 scilicet
1122 732 1349 794 ditrochoeorum

253 843 378 920 priores)
392 858 451 898 noo
466 836 610 898 volubiles
631 833 723 914 pedes
745 833 873 894 iambum
896 842 949 892 aut
969 830 1149 908 tribrachyn,
1171 847 1209 888 ex
1223 829 1349 908 rhythmi

252 936 320 1015 lege
348 955 383 995 ac
411 933 585 992 Graecorum
612 929 765 1008 exemplos
796 925 849 988 sed
876 925 977 986 tardos
1005 924 1165 1004 spondaeos
1194 924 1257 984 sive
1278 923 1349 982 alios
1472 967 1474 1024 t

254 1031 298 1090 eis
320 1033 483 1110 ἱσοχρόνονι
502 1025 662 1086 intulerint.
703 1024 809 1096 Totum
831 1022 899 1095 hoc,
921 1039 981 1082 uno
1003 1019 1149 1100 exemplo,
1172 1029 1203 1078 et
1218 1037 1309 1078 sensu
1323 1029 1351 1076 et
1473 1031 1474 1048 ¹

254 1127 395 1186 memoria
409 1124 495 1184 facile
510 1123 632 1184 tenebis.
674 1119 773 1178 Greci
788 1117 826 1178 ad
841 1117 918 1178 hanc
932 1119 1053 1178 sormam
1068 1117 1097 1176 in
1109 1114 1263 1176 iambicis:

415 1221 452 1280 vi
466 1216 650 1280 cbmmodavi
667 1215 674 1298 Ι
691 1215 888 1286 commodavi,
902 1213 1068 1274 cbmmoda.

255 1315 350 1376 Latini
365 1313 403 1373 ad
418 1314 517 1384 istam,
529 1331 589 1372 non
605 1329 730 1390 semper,
744 1309 798 1370 sed
811 1309 1054 1389 quotiescumque
1065 1307 1195 1369 vellent:

416 1409 454 1468 Vi
467 1407 669 1469 cbmmendavi
688 1405 693 1485 l
710 1403 912 1465 commendavi
929 1400 936 1483 l
952 1402 1116 1464 commoda.

256 1505 359 1580 Vides,
372 1506 491 1578 menda,
505 1503 680 1586 spondaeum
694 1502 738 1560 bis
752 1500 880 1580 positum
894 1517 947 1578 pro
968 1499 1076 1571 iambo,
1100 1499 1210 1561 mma:
1236 1513 1349 1580 postre-

255 1621 334 1662 mam
348 1601 449 1663 sedem
463 1600 571 1662 violare
594 1615 745 1680 nunquam
770 1607 840 1656 sunt
862 1595 937 1656 ausi.
978 1595 1061 1656 ldem
1085 1605 1116 1654 ct
1140 1596 1170 1654 in
1192 1597 1351 1657 trochaicis

256 1697 388 1758 obtinet:

320 1809 425 1860 Greci:
459 1807 625 1858 commodavi
655 1806 836 1872 loommodavi
864 1805 1042 1870 lcommodavl
1076 1801 1239 1870 lcommods.

322 1889 423 1938 Latini:
458 1887 641 1938 commendeti
654 1887 660 1952 Ι
674 1887 851 1938 commendavi
865 1885 871 1953 Ι
884 1885 1058 1938 commendavi
1072 1885 1078 1949 Ι
1092 1885 1236 1936 commoda.

257 1985 292 2044 ln
306 1983 353 2042 his
368 1984 503 2064 pedibus,
517 1995 642 2064 excepto
666 1983 781 2056 ultimo,
802 2002 855 2062 pro
876 1983 1012 2044 brevibus
1037 1980 1135 2058 loogae
1160 1979 1286 2060 syllabae
1307 2003 1354 2042 as·

257 2089 433 2148 sumuntur3
455 2078 535 2158 quod
559 2091 669 2152 tamen,
691 2077 805 2158 opinor,
826 2077 913 2138 celeri
938 2077 1174 2160 pronuntiatione
1185 2077 1311 2155 juvabat
1323 2091 1353 2140 et
1473 2117 1474 2148 ,

257 2175 428 2237 occultabat
441 2187 532 2248 actor,
553 2195 590 2236 ne
613 2175 676 2260 ipse
700 2194 719 2234 a
741 2175 860 2234 tibicine
882 2174 1049 2255 rhythmum
1065 2172 1202 2233 Graecum
1218 2186 1353 2234 servante
1473 2205 1474 2256 j

257 2270 448 2350 discreparet.

299 2366 388 2436 Quod
404 2366 441 2426 ad
456 2365 565 2427 crimen
588 2377 686 2428 autem
708 2367 765 2426 hoc
787 2367 912 2434 attinet;
933 2365 1051 2446 tragicis
1071 2365 1189 2446 quidem
1205 2365 1356 2424 veteribus

258 2463 351 2522 minor
365 2473 411 2522 est
424 2463 586 2534 excusatio,
600 2482 652 2522 cur
675 2481 735 2522 non
760 2461 799 2521 nd
824 2462 894 2522 artis
915 2461 1033 2540 regulas
1045 2480 1146 2520 versus
1162 2479 1232 2518 suos
1247 2479 1355 2539 exege-

258 2557 335 2626 riutr
360 2577 438 2628 cum,
459 2567 522 2617 toto
543 2555 620 2637 stylo
634 2568 665 2618 et
677 2557 775 2618 colore
790 2555 967 2617 acommuni
982 2575 1115 2616 sermone
1130 2555 1263 2626 discreti,
1278 2575 1357 2615 nova

257 2655 346 2714 verba
371 2675 406 2713 ac
430 2653 648 2734 sesquipedalia
671 2673 724 2732 pro
747 2653 840 2713 lubito
861 2653 1006 2713 finxerint.
1049 2649 1215 2729 Fugiebant
1239 2652 1358 2712 scilicet

257 2749 336 2809 limae
352 2750 498 2818 laborem
520 2749 593 2810 certi
612 2767 646 2809 ss
670 2749 700 2809 iu
724 2767 755 2809 re
776 2757 845 2807 ante
870 2749 1021 2828 inexperta
1041 2756 1072 2806 et
1091 2745 1169 2824 apud
1185 2765 1272 2805 aures
1293 2757 1358 2806 tum

259 2843 396 2906 indoctas
410 2846 524 2906 reniam
538 2847 755 2925 impetraturos.
797 2843 905 2904 Melius
918 2861 989 2902 vero
1008 2859 1043 2902 ac
1066 2840 1165 2900 mitius
1180 2840 1217 2900 de
1232 2843 1358 2902 comicis

259 2949 306 3000 est
320 2941 517 3002 sentiendum.
558 2941 696 3002 Proiecto
708 2941 862 3000 Terentius
875 2951 986 3012 noster,
1007 2939 1032 2998 si
1052 2937 1209 3016 quisquam
1222 2936 1310 3009 alins,
1327 2939 1357 2996 in

260 3037 330 3096 artis
345 3037 426 3115 leges
441 3049 502 3096 arte
527 3037 681 3114 peccavitr
702 3035 813 3110 studio,
837 3055 896 3098 non
916 3035 1099 3116 ignorantint
1116 3035 1295 3094 necessitate
1310 3035 1359 3094 vel

260 3131 365 3191 saltem
379 3131 586 3192 commoditate
610 3131 766 3201 inductust
787 3143 829 3206 et,
851 3133 1066 3212 qualecumque
1089 3129 1161 3190 illud
1177 3129 1278 3190 delicti
1299 3143 1361 3204 est,

259 3227 374 3305 magnis
388 3227 542 3286 virtutibus
557 3225 752 3291 redemtums.
792 3230 895 3289 Sermo
915 3230 993 3290 enlm
1013 3247 1049 3289 ea
1071 3227 1109 3288 de
1128 3245 1221 3288 causa
1233 3229 1360 3308 propius

259 3321 340 3401 apud
365 3322 506 3382 Nostrum
529 3323 567 3382 ad
589 3325 834 3386 consuetudinem
858 3325 985 3395 accedit,
1011 3341 1099 3404 quam
1123 3323 1202 3401 apud
1227 3321 1363 3384 Menan·

260 3419 363 3478 dmm:
385 3419 478 3478 orabo
492 3419 572 3497 apud
585 3439 676 3480 unum
690 3421 728 3482 de
746 3421 844 3482 medio
858 3432 955 3481 sumta
969 3421 1065 3500 deque
1079 3422 1139 3478 sita
1150 3419 1361 3479 honestiorum

259 3513 386 3582 civinms
407 3533 508 3576 versus
523 3515 640 3577 minime
657 3519 733 3592 cavi,
755 3519 807 3580 aed
823 3519 919 3578 verbis
934 3517 1128 3596 sensibusque
1142 3515 1252 3594 spissi:
1274 3517 1362 3596 apud

260 3609 394 3681 alterum,
409 3609 479 3670 dum
494 3621 587 3672 metro
602 3613 709 3673 servire
733 3624 856 3674 coactus
880 3623 938 3685 est,
962 3613 1057 3694 stylus
1082 3609 1171 3692 paulo
1195 3611 1314 3684 elatior,
1330 3623 1363 3670 et

260 3706 414 3766 sententiae
440 3706 602 3770 dilutiores.
642 3707 730 3768 Adde
753 3709 823 3783 huc,
847 3719 1047 3770 consonantes
1072 3709 1100 3767 in
1125 3703 1228 3786 lingua
1250 3707 1364 3768 Latina

258 3817 313 3878 pro
335 3801 478 3861 vocalium
498 3823 620 3864 numero
642 3803 854 3883 frequentiores
876 3823 952 3878 esse,
973 3823 1062 3883 quam
1085 3803 1114 3861 in
1137 3802 1255 3864 Attica:
1277 3803 1365 3865 adde

260 3897 359 3956 omnia
382 3898 461 3976 apud
484 3899 605 3960 Latinos
627 3903 783 3973 vocabula,
808 3901 1020 3981 monosylhbis
1045 3897 1192 3961 duntaxat
1212 3901 1368 3978 exceptis,

260 4009 326 4049 esse
340 3991 502 4072 berytonac
524 3993 561 4054 de
582 4013 641 4074 qua
661 4015 692 4055 re
706 4015 774 4055 mox
788 3995 874 4075 plura
887 3996 1003 4062 dicam:
1025 4006 1057 4057 et
1069 3995 1155 4056 l'acile
1169 3995 1368 4076 pronunties,

260 4083 377 4143 minoris
392 4105 457 4146 esse
471 4105 568 4166 operm
583 4099 671 4169 atque
685 4091 766 4161 artis,
781 4090 820 4152 ad
835 4091 991 4152 Menandri
1011 4111 1145 4154 normam
1161 4091 1268 4152 Grmce
1284 4093 1369 4152 scri·

259 4179 338 4250 bere,
353 4199 441 4258 quam
457 4181 558 4243 Latine
574 4183 612 4244 ad
624 4184 762 4252 Terentii,
