3012 4892
258 401 302 466 22
700 411 908 462 russeum.

258 557 503 634 abbreviatum,
514 556 549 620 in
563 555 633 620 tab.
646 551 679 620 2.
694 561 888 631 memorata,
897 569 957 639 pro
972 552 1050 620 ‘us'
1063 553 1140 620 inde
1155 573 1178 618 a
1191 553 1285 620 Saec
1294 569 1352 622 xr.

261 659 384 738 obvia;
399 658 515 723 eadem
530 677 592 741 pro
608 653 729 740 ‘post'
750 675 781 721 e.
804 675 836 738 g.
851 655 886 719 in
910 653 1094 738 ‘posthae’
1108 655 1278 720 rarissime
1299 663 1354 722 ta·

258 778 355 840 men;
371 779 535 844 nusquam
559 756 789 823 abbreviatum
812 775 875 840 pro
901 754 999 820 ‘con'
1021 771 1123 839 quam
1145 763 1265 822 auctor
1284 776 1353 822 non

260 870 336 926 ante
350 861 446 926 finem
460 861 575 927 saeculi
592 859 815 925 x11.invenit.
858 857 913 923 Ex
933 858 1049 924 tabula
1072 859 1167 924 tertia
1183 857 1353 924 Mannerti

260 963 492 1045 compendium
513 981 576 1046 pro
600 959 691 1026 ‘est'
716 959 787 1026 sive
802 959 926 1025 lineola
945 960 1161 1026 horizontalis
1176 960 1263 1024 inter
1282 960 1354 1025 duo

258 1071 395 1148 puncta,
418 1063 507 1146 quod
530 1062 815 1127 Scboenemennns
836 1081 881 1126 ex
894 1063 986 1127 notis
1000 1061 1192 1126 'lironianis
1206 1061 1352 1138 derivat,

258 1163 360 1228 semel
374 1165 428 1228 vcl
448 1165 554 1228 bisin
577 1162 702 1247 glossis
724 1162 877 1242 occurrit,
898 1183 1066 1247 nusquam
1081 1164 1114 1227 in
1130 1169 1234 1228 textu.
1277 1162 1352 1228 Ab·

257 1265 456 1329 breviaturae
485 1283 547 1348 pro
574 1263 666 1342 ‘est,'
689 1262 841 1346 ‘gratim’
871 1263 1000 1342 ‘hune'
1026 1263 1160 1328 ‘modo’
1182 1264 1353 1329 rarissime

258 1371 382 1443 tamen,
409 1365 519 1444 ‘nom'
545 1365 647 1450 ‘per,'
674 1365 788 1450 ‘prem’
808 1372 819 1403 ‘
829 1365 909 1450 pro'
928 1365 1056 1431 tabulas
1075 1371 1201 1449 querius
1220 1365 1350 1444 incisoe,

258 1487 322 1552 pro
338 1465 512 1544 ‘scilicet’
527 1466 644 1531 ‘vero’
659 1469 729 1532 tab.
744 1469 883 1552 quintre,
898 1471 981 1551 pro‘
990 1464 1092 1544 e'sse,'
1115 1466 1263 1550 ‘gratia’
1278 1467 1350 1532 tab.

257 1569 419 1653 septimae,
428 1587 489 1651 pro
505 1569 773 1648 ‘misericordia,'
782 1569 887 1634 semel
898 1571 966 1635 tab.
976 1575 1120 1646 octavae,
1132 1587 1195 1652 pro
1209 1569 1350 1652 ‘pates’

258 1667 457 1754 ‘quoniam'
470 1669 647 1735 ‘sanctus'
669 1671 739 1736 tub.
753 1689 849 1736 nones
861 1669 963 1735 etiam
978 1670 1012 1734 in
1031 1669 1149 1734 codice
1163 1674 1351 1734 occurrunt.

259 1769 455 1836 Notandum
473 1778 581 1836 autem
601 1771 757 1839 lineolam
776 1791 911 1838 curvam
925 1771 1023 1836 iubis
1035 1771 1160 1836 tabulis
1175 1769 1351 1836 vocabulis

257 1872 452 1956 impositam
465 1875 571 1956 magis
585 1877 707 1938 rectam
721 1893 796 1938 esse
809 1873 843 1938 in
858 1873 987 1951 codice,
1005 1872 1097 1957 qnod
1116 1872 1245 1954 signum
1265 1873 1351 1936 anti·

257 1973 396 2056 quitatis
424 1993 497 2038 esse
518 1981 630 2039 monet
653 1975 867 2056 Mannertus;
890 1973 1008 2040 deinde
1032 1973 1210 2058 pauciores
1233 1972 1351 2056 depre-

256 2071 355 2138 hendi
370 2075 621 2140 abbreviaturas
642 2077 674 2140 in
694 2084 789 2149 textu
807 2075 1066 2154 Gomoediarum,
1089 2076 1201 2158 plures
1216 2074 1252 2138 in
1273 2094 1353 2157 pro·

256 2171 446 2255 legumenis,
462 2182 496 2240 et
508 2177 615 2242 adhuc
634 2177 746 2260 plures
760 2179 794 2242 iu
809 2177 941 2258 glossis,
957 2177 989 2240 in
1001 2177 1122 2259 quibus
1133 2177 1234 2242 etiam
1244 2177 1350 2240 semel

257 2274 291 2338 iu
300 2277 463 2341 vocabulo
478 2279 754 2362 ‘compendiose'
767 2299 828 2362 pro
839 2279 971 2362 syllaba
987 2277 1101 2343 ‘com'
1115 2277 1349 2361 compendium

256 2375 346 2440 istud
360 2379 440 2456 vidi,
456 2380 549 2463 quod
562 2386 656 2445 extat
670 2381 739 2446 tab.
752 2382 784 2446 9.
806 2388 840 2446 et
854 2380 913 2445 lini
937 2380 1057 2446 saeculi
1073 2395 1144 2444 xri.
1162 2379 1349 2444 ascribitur.

233 2563 236 2568 Ι
257 2473 393 2542 Adsunt
402 2481 546 2544 etiamin
560 2481 678 2546 codice
693 2482 893 2565 compendia
904 2483 1090 2565 scripturae,
1104 2501 1182 2564 quae
1192 2480 1348 2546 Mannar-

257 2581 312 2642 tus
325 2599 390 2643 nou
401 2582 533 2663 profert,
547 2603 576 2647 e.
590 2603 620 2666 g.
636 2571 652 2646 ΐ
665 2601 727 2666 pro
742 2581 837 2660 ‘vel,’
845 2583 957 2646 ubivis
968 2583 1001 2646 in
1013 2581 1147 2664 glossis,
1160 2582 1260 2646 semel
1274 2590 1349 2646 tan·

256 2684 325 2745 tum
340 2681 375 2744 in
388 2690 480 2747 textu
494 2684 648 2764 obrium3
671 2672 710 2746 id
725 2702 786 2767 pro
809 2681 864 2746 ‘id
879 2679 946 2747 est’
961 2683 1132 2748 usitatum.
1177 2683 1230 2747 De
1241 2683 1347 2748 omni-

255 2781 319 2844 bus
334 2783 575 2849 abbreviaturis
590 2784 769 2850 universim
790 2784 953 2869 spectatis
967 2785 1067 2861 valet,
1083 2783 1257 2861 vocabula,
1279 2803 1347 2850 non

256 2884 532 2969 quotiescumque
555 2893 744 2960 occununt,
767 2884 867 2949 modo
892 2883 1037 2950 adducto
1064 2886 1263 2962 abbreviari,
1286 2885 1348 2952 sed

255 2983 321 3048 alia
335 3005 440 3068 saepe,
455 2987 524 3052 alia
538 2989 713 3066 interdum,
731 2987 799 3052 alia
820 3005 909 3064 raro,
932 2987 986 3050 vel
1008 2987 1184 3052 rarissime.
1229 2987 1269 3052 ln
1292 2987 1348 3052 bis

254 3103 334 3150 vero
349 3088 654 3154 abbreviationibus
669 3088 884 3172 paucissimae
900 3097 1009 3164 emnt,
1021 3109 1097 3171 quae
1112 3107 1177 3152 non
1186 3087 1259 3172 jam
1271 3088 1348 3154 Sm-

253 3186 333 3250 culo
356 3204 394 3250 x.
419 3189 471 3253 vel
497 3206 553 3253 xr.
581 3191 615 3254 in
640 3189 813 3254 codicibus
835 3189 1056 3254 obtinuerunt.
1102 3187 1344 3274 compendium

254 3281 419 3353 scribendi
447 3299 499 3368 θ,
523 3311 590 3374 quo
610 3310 727 3354 nomen
750 3289 898 3354 Terentii
921 3291 1116 3373 exprimitur
1137 3291 1172 3354 in
1197 3291 1345 3374 Prologo

253 3383 420 3468 Eunuchi,
435 3392 518 3455 inter
531 3398 630 3456 notas
644 3391 846 3455 Tironianas
859 3390 1063 3456 referendum
1077 3411 1151 3456 esse
1164 3392 1306 3457 videtur.

296 3487 375 3553 Alia
389 3490 513 3556 indicia
528 3492 658 3570 saeculi,
674 3493 728 3556 cui
742 3491 894 3556 codicem
909 3493 1096 3571 tribuimus,
1114 3499 1190 3558 sunt
1200 3513 1343 3578 sequen-

253 3591 310 3658 tia.
354 3591 585 3675 Diphtbongus
599 3613 802 3676 <unusquam
821 3593 977 3659 scribitur
1000 3615 1060 3678 per
1073 3616 1089 3658 e
1104 3595 1260 3679 simplex,
1282 3592 1344 3660 scd

252 3712 312 3777 per
325 3714 350 3754 c
362 3693 414 3756 vel
431 3715 447 3791 ς
461 3696 649 3774 carrdutum,
664 3703 699 3760 et
713 3695 851 3779 quidem
867 3697 968 3779 priori
982 3697 1085 3762 forma
1099 3697 1226 3780 saepius
1239 3716 1344 3780 quam

252 3795 452 3878 posteriori3
473 3795 694 3879 diphthongus
707 3817 734 3859 ω
751 3817 809 3879 per
823 3817 867 3860 oc.
911 3797 1023 3862 Litora
1043 3799 1056 3860 i
1074 3799 1200 3881 ubique
1214 3807 1344 3882 puncto

250 3895 306 3960 vcl
322 3903 459 3962 accentu
482 3904 581 3962 caret.
626 3897 694 3961 Ubi
709 3899 815 3976 adest,
834 3901 1016 3964 certissime
1037 3919 1059 3964 a
1077 3901 1225 3984 sequiori
1239 3919 1341 3964 mauu

250 3997 433 4081 ascriptum
461 4006 522 4064 est
566 3997 658 4077 Quin
677 3999 753 4066 duae
773 4000 878 4065 literne
902 4001 927 4062 li
945 4001 1132 4084 continguus
1147 4001 1343 4066 accentibus

251 4105 374 4174 carent,
388 4117 416 4161 e.
431 4119 461 4179 g.
475 4099 509 4162 in
526 4099 694 4182 ‘nuptiis,’
719 4101 839 4178 ‘aliis,'
862 4102 963 4178 ‘Dii,'
987 4108 996 4136 ⁸
1011 4103 1128 4185 periit,'
1150 4101 1260 4179 ‘abii,'
1273 4111 1339 4166 etc.

250 4205 283 4264 et
297 4217 369 4262 cum
382 4199 457 4263 iude
468 4221 488 4264 a
498 4201 623 4264 saeculo
636 4216 705 4264 xrr.
719 4207 875 4266 accentus
892 4203 1031 4286 ascripti
1047 4205 1121 4280 siut,
1136 4207 1181 4283 tv.
1200 4202 1343 4294 Sullane
