2948 4890
421 397 470 446 na
494 397 634 448 ιιιιιιιιε
657 399 930 450 ιιιιιιιιιιιιιιιιι.
1158 387 1223 456 lut

119 539 249 614 inv'irda,
264 539 450 608 subr’enites
470 541 556 619 quasi
571 539 667 620 legas,
681 541 825 621 edjr'erit‚
843 541 939 602 diitiss
953 543 1026 619 (rel,
1038 553 1072 604 ut
1086 543 1136 604 alii
1157 564 1220 604 rua·

121 637 195 707 lunt,
210 636 319 711 ditias)
331 635 472 708 enimero,
486 636 605 708 ineniet,
625 635 727 710 inidie,
743 638 886 698 rubenite.
916 638 939 696 t
953 638 1122 718 deperditur
1139 659 1219 721 steps

120 732 149 804 in
163 732 347 810 pronomine,
361 731 428 802 ill’e,
443 731 515 800 ill’a,
530 731 612 790 ill'ud
634 751 687 811 per
705 751 809 792 omnes
822 751 920 804 cusos,
941 732 1020 805 ill'ic,
1035 733 1134 794 ill’uc:
1156 744 1218 796 tum

120 827 316 905 icorripitur;
337 827 388 898 ile,
413 827 463 897 ila,
485 825 559 897 ilurl,
573 831 629 886 dcc.
653 840 687 886 ut
707 839 736 887 et
760 829 894 888 nonnulli
918 830 1007 890 etiarn
1032 830 1154 910 legunt:
1176 831 1218 903 in,

120 923 291 1002 peulu’lum,
306 923 456 984 eliduntur
470 923 479 982 l
496 932 526 982 et
538 943 569 990 rr.
585 935 618 984 ut
631 923 757 1002 legatur,
769 925 909 1002 paulum:
938 924 1018 1003 quod
1036 924 1129 985 etalii
1143 925 1217 986 alts-

118 1019 178 1078 rius
192 1018 263 1078 loco
277 1027 432 1098 reponunt.
475 1019 646 1096 Sabjicitur
670 1019 712 1089 in,
740 1018 919 1097 bujlrs'modi
944 1031 975 1080 et
997 1020 1161 1099 ejlre'modi,
1183 1032 1218 1082 ut

118 1114 352 1194 antepenultima
373 1115 556 1194 corripiatur.
599 1116 645 1187 ln,
666 1115 741 1186 iste,
759 1115 836 1187 iat'e,
849 1115 938 1176 ist'ud
953 1127 984 1176 et
1006 1117 1126 1196 reliquis
1139 1121 1217 1180 casi-

117 1212 182 1282 bus,
195 1211 295 1284 isto'c,
309 1211 397 1282 iat'ic,
410 1210 511 1282 ist'rec,
525 1209 683 1284 ist‘orsum,
696 1210 816 1290 quidam
830 1230 855 1284 s,
869 1209 918 1272 alii
932 1223 946 1272 t
964 1213 1078 1273 malunt
1097 1211 1216 1288 elidere,

119 1307 171 1366 uti
185 1307 273 1367 breve
287 1317 453 1366 moueatur.
495 1306 530 1364 ln
552 1305 611 1364 line
625 1304 787 1366 dictionum
810 1325 890 1385 sepe
913 1307 1108 1368 abaumrmtur
1121 1308 1142 1368 d
1156 1321 1187 1370 st
1201 1330 1215 1370 ι

118 1413 185 1464 ante
202 1402 327 1483 quassis
341 1401 458 1462 literae:
480 1400 534 1462 sed
549 1411 830 1462 anteconsonantes
844 1401 917 1480 ipsae
932 1403 1024 1463 eolre:
1046 1415 1115 1464 unte
1128 1423 1216 1466 roca-

117 1498 159 1558 les
173 1517 256 1571 vero,
270 1517 331 1560 non
344 1497 439 1558 solum
454 1499 538 1578 ipsse,
554 1497 608 1558 sed
621 1497 732 1558 vocalis
747 1497 815 1558 illas
833 1498 1025 1577 praecedens:
1047 1511 1136 1580 atque
1150 1500 1216 1560 brec

117 1595 175 1654 lere
189 1603 263 1654 sunt
286 1596 316 1655 in
340 1593 447 1673 quibus
462 1595 635 1654 absorbetur
649 1594 691 1654 d:
712 1592 761 1653 ad'
777 1597 821 1670 (et
833 1593 862 1652 in
878 1595 1053 1674 composito,
1077 1593 1216 1668 ad'sum,)

117 1689 215 1769 apu'd,
231 1689 282 1764 id’,
296 1689 379 1769 quid’
398 1691 538 1767 (maxime
561 1700 630 1750 ente
643 1708 817 1769 pronomen,
836 1689 903 1762 iste,
926 1689 994 1760 ista,
1008 1689 1101 1768 istud)
1114 1691 1217 1772 quod',

116 1785 190 1846 sed'.
233 1787 255 1845 S
269 1786 302 1846 in
314 1786 567 1846 terminationibus
581 1805 626 1858 as,
640 1805 684 1858 er,
698 1804 744 1860 os,
768 1783 987 1846 excludendum
1011 1803 1071 1845 non
1081 1785 1215 1858 offendi,

116 1880 171 1940 nisi
185 1881 229 1952 in,
244 1879 331 1953 dies’,
345 1881 468 1953 nanas’,
482 1882 549 1954 ree',
562 1891 593 1942 et
605 1880 715 1942 taoes’:
736 1881 767 1940 in
785 1880 921 1960 inperce,
936 1880 1025 1960 idque
1042 1880 1112 1941 dum
1126 1883 1213 1944 breve

118 1988 172 2048 est,
186 1978 281 2038 veluti
294 1977 325 2036 iu
340 1978 533 2050 nominativo,
547 1977 673 2056 anguis',
686 1978 816 2050 mensis',
830 1977 943 2058 peetis',
956 1977 991 2037 is'
1004 1997 1072 2038 cum
1085 1987 1133 2038 ert
1145 1997 1214 2057 pro·

116 2093 241 2134 nomen:
262 2075 293 2134 in
309 2073 450 2153 genitivo,
470 2085 514 2146 ιιι,
538 2074 760 2146 adolescentis',
782 2070 1034 2151 venustatls’que:
1063 2073 1094 2132 in
1107 2074 1213 2146 verbis,

116 2181 158 2242 ut,
178 2167 267 2248 egid,
288 2169 405 2242 eredis',
426 2169 522 2240 dicis’,
544 2168 704 2229 obtundis'.
747 2169 793 2241 ln,
817 2169 933 2248 magis’,
956 2179 987 2228 et
1000 2169 1082 2228 sads’
1101 2169 1212 2248 passim

116 2267 291 2326 absorbetur
304 2284 337 2324 s:
358 2275 429 2324 sunt
443 2276 549 2326 tamen
563 2267 614 2346 qui
629 2265 659 2324 iu
681 2265 740 2326 illis
754 2265 828 2326 locis
846 2266 950 2326 malint
963 2265 1061 2344 legere
1075 2283 1168 2344 mgr,
1182 2273 1213 2324 et

115 2371 169 2422 sut.
211 2363 247 2420 ln
262 2360 442 2422 dictionibus
466 2363 496 2422 in
511 2381 546 2422 us
568 2365 655 2423 breve
669 2363 873 2423 desinentibus
887 2361 1038 2422 elisionem
1052 2359 1213 2420 admittunt

115 2459 200 2518 etiam
227 2457 248 2516 ii
270 2457 321 2536 qui
344 2457 471 2530 creticis,
495 2457 636 2530 buccbiis,
661 2469 692 2519 et
714 2457 931 2537 amphibrachio
954 2465 1095 2516 utuntur:
1122 2457 1212 2528 utin,

115 2553 209 2632 opus’,
223 2552 333 2623 berus',
348 2553 492 2626 stolidns'‚
507 2553 609 2633 iprus’,
632 2553 825 2626 dehortatus',
846 2552 930 2632 ejus',
951 2552 1059 2632 hujus’,
1084 2551 1212 2630 quibus',

115 2649 237 2720 rumue',
252 2647 376 2727 aliieque
397 2649 566 2710 innumeris.
608 2648 667 2718 Qui
682 2649 774 2730 perles
796 2647 863 2709 illos
878 2649 1021 2727 rejiciunt,
1035 2667 1071 2708 us
1084 2645 1211 2724 produc·

115 2755 173 2804 turn
187 2745 279 2804 etiem
293 2745 473 2818 interimunt,
488 2757 522 2806 ut
546 2747 587 2817 in,
601 2746 679 2806 rus’:
701 2745 812 2805 nudent
829 2743 916 2802 etiam
931 2741 1040 2802 elidere
1055 2743 1073 2800 b
1088 2741 1129 2812 in,
1141 2741 1209 2800 ob’:

115 2841 165 2900 lin
181 2839 300 2900 simul':
319 2859 348 2898 m
361 2851 429 2901 ante
453 2851 653 2902 consonantes
669 2840 710 2910 in,
723 2837 854 2916 quidem’
867 2848 899 2896 et
912 2836 1017 2897 eoim'r
1040 2845 1129 2915 atque
1144 2846 1155 2895 t
1169 2835 1211 2906 in,

114 2937 184 3008 erit’,
199 2936 349 3008 excessit',
364 2937 454 3010 lacit',
474 2935 595 3006 liceret',
617 2932 743 3005 occidit’,
765 2931 900 3011 oportet,
921 2929 1043 3004 studet',
1064 2941 1095 2990 et
1109 2931 1211 2990 simili-

115 3034 188 3092 bua:
210 3033 257 3092 ric
271 3033 313 3105 in,
327 3032 409 3111 quot’
432 3041 462 3092 et
485 3033 537 3092 ut’.
580 3031 640 3092 Sed
654 3031 693 3090 de
714 3029 841 3102 dieresi,
865 3026 1018 3108 syneresi,
1040 3035 1070 3085 et
1087 3024 1209 3088 elisione

115 3127 270 3189 hactenus.
310 3127 390 3186 lllud
416 3137 448 3187 et
471 3128 528 3188 boc
553 3127 620 3188 loco
645 3123 833 3195 monendum,
855 3121 934 3202 apud
958 3119 1039 3180 bunc
1060 3129 1210 3182 auctorem

113 3225 224 3302 passim
238 3224 360 3284 inveniri
373 3223 493 3284 vocales
508 3223 612 3284 lioalm
625 3241 685 3282 non
695 3221 784 3282 elisas
798 3217 891 3298 (quod
905 3217 963 3277 hac
977 3225 1049 3276 nota
1063 3219 1082 3251 ‘⁸
1091 3235 1210 3296 expres·

114 3320 300 3396 simus)ante
320 3318 396 3379 alias
411 3320 548 3380 vocales:
570 3317 660 3398 idque
684 3317 715 3376 in
738 3334 799 3376 uno
822 3325 911 3393 atque
934 3311 1039 3374 codem
1054 3331 1158 3374 versu:
1180 3325 1210 3376 et
1282 3387 1285 3396 A

113 3427 227 3487 contra,
253 3416 286 3474 in
314 3415 447 3476 versibus
474 3414 599 3475 diversis
624 3413 757 3473 vocalem
790 3409 907 3470 finalem
935 3407 1040 3489 prioris
1069 3427 1088 3468 a
1114 3409 1210 3470 vocali

112 3511 264 3589 sequentis
279 3512 450 3572 absorberi:
473 3521 504 3570 et
527 3529 630 3571 rursus
654 3509 778 3589 primam
800 3504 924 3568 secundi
940 3523 1045 3564 versus
1068 3502 1209 3564 adfinem

111 3607 214 3685 prioris
228 3607 395 3686 pertimrs:
416 3607 494 3666 idem
504 3605 650 3687 judicium
665 3603 702 3664 dc
718 3601 896 3664 dictionibus
910 3600 939 3660 in
955 3619 984 3658 nr
995 3597 1209 3670 desinentibus,

109 3723 176 3763 eum
190 3704 325 3783 sequitur
339 3703 514 3763 uocabulum
530 3723 548 3762 a
561 3702 655 3762 vocali
670 3701 824 3779 incipiens.
864 3698 1003 3756 Ceterum
1017 3693 1135 3754 recales
1149 3694 1208 3754 itte

109 3799 220 3864 finales.
239 3817 299 3860 non
313 3797 407 3884 elium,
429 3815 497 3877 que
518 3809 624 3859 natura
636 3808 689 3856 aut
706 3795 891 3874 diphthongo
905 3789 1146 3869 producerentur,
1159 3786 1208 3846 lric

109 3895 168 3956 lere
181 3893 401 3974 corripiantur:
424 3895 571 3955 interdum
594 3904 692 3952 tamen
717 3888 869 3948 invariato
883 3891 1014 3954 manent,
1039 3883 1208 3944 etmaxirne

109 4001 176 4050 ante
199 3989 261 4061 ‘b,’
285 3989 368 4070 qnod
392 3991 441 4051 bic
466 4009 547 4071 serpe
571 3990 614 4050 ita
637 3987 756 4068 plenam
778 3985 837 4044 rim
855 3977 1160 4052 hemerammum,
1174 3987 1208 4040 ut

109 4084 282 4164 precedens
296 4085 393 4145 brevis
408 4087 438 4145 in
453 4107 480 4146 m
496 4088 541 4146 rel
556 4087 644 4146 alium
666 4099 828 4144 consonam
850 4075 990 4137 desinens
1003 4073 1103 4156 positu
1117 4074 1208 4155 longa

108 4191 274 4244 censeatur.
318 4181 432 4242 Horum
455 4184 585 4244 omnium
609 4180 745 4260 exempla
769 4177 827 4238 huc
849 4191 1009 4252 congerere
1033 4189 1207 4252 supervaoa·
1339 4227 1342 4238 .
