2970 4900
540 393 588 442 un
611 393 814 443 rnnnnrro.
1153 382 1221 448 2b9

133 536 248 614 inisse,
271 535 301 600 si
315 535 433 616 Latine
451 531 542 616 loqui
556 533 695 602 vellent:
717 535 798 600 lieet
813 533 983 601 Caecilium
997 536 1151 602 laudibus
1172 541 1219 604 fe-

132 645 224 700 rent:
249 635 332 700 licet
353 633 500 698 Terentii
524 636 650 716 scripte
674 634 717 698 ad
740 634 931 718 Scipionem
954 637 1146 703 Africanum
1168 659 1219 704 re·

135 737 302 800 feruutur:
338 753 415 816 qum
440 742 552 798 temen
576 736 709 800 suntin
731 735 795 799 boo
820 754 937 818 genere
962 738 1217 820 elegantissima,

135 843 167 902 et
186 837 264 920 plus
289 834 399 899 adbuc
420 835 576 900 habiture
603 837 729 920 gratiae,
756 837 786 900 si
808 837 894 902 intre
916 857 1037 906 versus·
1054 841 1218 906 trimetros

137 939 315 1002 stetissent.

348 1051 443 1117 Idem
457 1053 642 1118 Deoiamnt.
658 1071 712 1118 rx.
727 1054 798 1120 sive
812 1054 1001 1120 Gladiator.
1027 1049 1030 1054 “

176 1171 381 1248 Terentium,
396 1189 497 1252 quem
510 1171 595 1234 inter
608 1179 738 1236 ceteros
754 1172 919 1255 captivos,
932 1172 1080 1236 meando
1091 1172 1218 1238 Punico

137 1272 233 1349 bello,
246 1271 361 1354 Scipio
375 1269 554 1335 Africanus
568 1271 710 1336 vinculis
725 1271 927 1348 exsolverat,
942 1273 1106 1338 memoriae
1120 1272 1220 1336 tredi-

138 1371 212 1436 dere
225 1372 379 1454 majmes,
399 1371 527 1453 insigne
548 1377 692 1454 receptae
714 1373 875 1436 libertatis
889 1372 978 1455 pileo
992 1377 1163 1438 testantem
1184 1373 1218 1438 iu

137 1472 298 1556 triumpho
312 1473 407 1536 ducis
420 1491 497 1536 esse
511 1479 742 1556 conspectum.

453 1605 598 1685 Plinius,
611 1606 669 1670 lib.
685 1623 709 1670 1.
725 1606 835 1689 Epist.
849 1605 904 1670 16.

179 1720 277 1803 Legit
296 1721 376 1785 mibi
398 1741 502 1805 nuper
524 1722 695 1806 epistolas,
722 1743 806 1806 quas
827 1723 942 1787 uxoris
963 1741 1040 1786 esse
1068 1721 1218 1788 dicebat:

137 1819 294 1886 Plautum
308 1823 364 1887 uel
376 1821 566 1888 Terentium
579 1829 682 1888 metro
697 1824 839 1888 solutum
852 1824 917 1906 legi
932 1823 1069 1888 credidi.

419 1970 462 2035 A.
477 1971 619 2052 Gellius,
632 1975 690 2040 lib.
708 1989 773 2038 v11.
790 1993 866 2056 cap.
881 1973 932 2036 14.

180 2083 271 2150 Vera
285 2092 394 2151 eutem
408 2093 441 2152 et
454 2089 589 2172 proprie
610 2089 797 2173 hujusmodi
820 2087 993 2153 formarum
1011 2085 1166 2170 exempla
1187 2085 1219 2150 in

138 2187 259 2252 Latine
272 2187 386 2270 lingua
398 2189 449 2254 Μ.
458 2189 565 2254 Varro
577 2209 651 2254 esse
662 2190 756 2267 dicit,
772 2189 930 2252 ubertatis
938 2187 1135 2264 Pacuvium,
1150 2203 1220 2266 gra·

138 2287 276 2352 cilitetis
290 2287 463 2369 Lucilium,
477 2290 717 2355 mediocritatis
729 2289 929 2355 Terentium.

462 2405 569 2484 Idem,
590 2407 649 2470 lib.
666 2423 730 2472 vri.
753 2425 827 2490 cap.
842 2405 896 2472 21.

181 2517 303 2602 Neque
317 2539 436 2603 magno
450 2522 622 2588 intervallo
635 2528 754 2606 postea
769 2522 812 2602 Q.
829 2523 965 2598 Ennius,
981 2527 1017 2584 et
1033 2519 1132 2604 juxte
1147 2515 1221 2583 Gee-

137 2619 238 2684 cilius
252 2628 287 2684 et
299 2621 483 2701 Terentius,
506 2642 546 2687 ac
562 2623 703 2688 subinde
723 2625 911 2689 Pacuvius:
935 2629 967 2686 et
983 2619 1131 2685 Pacuvio
1148 2617 1221 2700 jem

138 2737 217 2784 sene
232 2718 368 2798 Accius,
382 2723 567 2805 clariorque
583 2729 662 2789 tunc
682 2725 715 2788 in
728 2723 896 2809 poiimetis
918 2740 1028 2786 eorum
1041 2721 1222 2784 obtrectan-

117 2888 125 2898 ,
137 2819 191 2885 dis
205 2821 354 2886 Lucilius
366 2822 439 2888 suit.

329 2969 513 3050 Ausonius,
528 2971 563 3036 iu
578 2972 789 3055 Protreptico
803 2970 845 3034 ad
861 2969 1038 3052 Nepotem.

225 3085 279 3148 Tu
293 3106 426 3170 qnoque
440 3089 497 3171 qni
508 3088 642 3154 Intium
655 3089 742 3155 lecto
757 3107 920 3164 sermone,
934 3082 1080 3160 Terenti,

227 3186 345 3252 Cumis
358 3195 391 3252 et
403 3190 536 3254 astricto
550 3191 716 3273 percurris
729 3189 865 3274 pulpita
879 3204 1001 3283 socco,

225 3285 281 3352 Ad
295 3308 382 3354 nove
396 3289 456 3354 vix
469 3309 645 3356 memorem
659 3291 809 3357 diverbia
823 3307 908 3371 coge
924 3289 1106 3351 senectam.

388 3432 542 3499 Lectaut.
564 3434 606 3499 de
629 3435 730 3499 Falsa
751 3434 833 3516 Sap.
854 3451 929 3516 oep.
943 3430 976 3494 4.

181 3545 295 3612 Nemo
317 3555 429 3631 potest
451 3551 493 3616 de
518 3571 555 3617 se
576 3559 664 3618 recte
681 3553 844 3637 judicare,
865 3548 956 3632 quod
976 3543 1098 3611 nobilis
1119 3535 1225 3620 po'ete

135 3653 302 3714 tentatur:
330 3649 386 3714 Ite
411 3651 498 3716 enim
522 3657 748 3736 comparatam
772 3669 848 3716 esse
872 3647 1040 3730 homiuum
1062 3646 1224 3730 nemrim»

136 3753 200 3814 &e

480 3851 647 3916 Eusebius
661 3851 696 3914 in
711 3849 885 3915 Chronico.

180 3981 362 4048 Ptoicmaei
379 3996 428 4042 vr.
441 3981 476 4046 id
492 3989 554 4060 est,
577 3980 816 4048 Philometoris
836 3993 936 4058 reguo
950 3973 1095 4040 decessit
1109 3971 1150 4036 P.
1161 3970 1225 4033 'le-

135 4083 278 4159 rentins,
304 4101 370 4165 quo
390 4087 536 4165 tempore
556 4082 779 4160 Aristarchus,
802 4077 1060 4144 Homerieorum
1083 4075 1140 4140 ille
1154 4092 1225 4138 ver·

137 4203 243 4255 suum
257 4201 385 4262 censor,
399 4181 521 4250 floruit.
