3010 4898
450 423 621 475 nunucnr
647 423 886 473 semiraso.
911 425 950 472 ιι.
1169 409 1242 476 ’“451

144 569 197 635 Dc
212 567 349 634 fidicina
364 567 475 634 isiaci
521 568 589 634 Pn.
612 565 727 647 Quam
737 575 876 634 venuste
888 569 898 634 l
911 565 1001 653 quod
1015 568 1111 634 dedit

144 670 349 753 Principium
366 669 566 734 adveniens!
610 671 682 734 Tn.
705 669 892 734 Plurimum
907 671 1029 735 merito
1045 677 1114 735 tuo.
1222 673 1244 736 o

144 773 218 840 Gn.
242 771 369 836 Eamus
385 791 461 855 ergo
476 771 519 836 ad
542 791 695 837 ooenam:
715 772 799 856 quid
821 773 939 844 stusl,
965 771 1031 837 ΡΑ.
1055 771 1143 836 Hem
1160 773 1243 838 alte-

274 893 365 940 rum:

145 975 200 1041 Ex
213 976 346 1042 bomine
360 977 446 1040 bunc
461 978 575 1040 natum
590 975 695 1041 dicas.
748 974 846 1040 Tun.
867 974 937 1040 Ubi
951 975 1015 1054 vis,
1037 994 1103 1040 non
1124 994 1246 1041 moror.

144 1073 215 1144 Pa.
236 1077 362 1156 Adibo,
378 1084 479 1162 atque
495 1079 714 1155 assimulabo,
728 1079 828 1161 quasi
841 1097 928 1142 nunc
941 1097 1072 1142 exeam.

145 1179 286 1259 Ituran',
301 1180 417 1256 lbais,
433 1181 593 1263 quopiam
610 1182 673 1244 esi
718 1181 787 1245 Τιι.
811 1180 932 1244 Ehem!
956 1179 1136 1256 Parmeno,

144 1281 241 1347 Bene
263 1282 392 1346 fecisti:
414 1282 515 1346 hodie
539 1283 636 1348 itura.
682 1282 749 1347 ΡΑ.
774 1281 877 1360 Quot
921 1281 990 1346 Tn.
1014 1278 1132 1358 Quint
1152 1280 1242 1344 hunc

274 1383 472 1448 nonvidesi
1200 1381 1244 1447 10

147 1486 215 1550 ΡΛ.
238 1484 359 1564 Video,
375 1493 409 1550 et
423 1505 475 1550 me
490 1486 595 1550 taedet
608 1507 617 1552 ι
639 1487 697 1550 ubi
715 1487 780 1563 vis,
796 1486 885 1550 dona
900 1484 1025 1550 adsunt
1039 1485 1101 1549 tibi

145 1585 179 1652 A
194 1587 363 1652 Phaedria.
406 1586 502 1652 Tun.
525 1585 616 1666 Quid
633 1589 786 1652 stamusl
803 1607 862 1652 cur
876 1607 941 1651 uon
957 1587 1046 1651 imus
1058 1585 1157 1651 binci

145 1687 215 1752 Pn.
238 1687 367 1766 Quaeso
381 1688 489 1752 hercle
503 1695 541 1752 ut
556 1688 666 1766 liceat,
681 1708 768 1771 paco
784 1688 874 1771 qnod
890 1689 950 1752 fiat
965 1695 1035 1766 tue,

146 1789 240 1856 Dare
255 1790 333 1854 huie
348 1811 423 1874 quae
439 1789 607 1868 volumus,
630 1792 804 1856 convenire
819 1799 853 1855 et
867 1787 1029 1873 colloqui.

144 1889 245 1956 Trrn.
271 1891 475 1974 Perpulchra
490 1891 590 1956 credo
605 1891 704 1970 dona,
718 1892 810 1957 haud
825 1892 952 1956 nostris
967 1891 1099 1958 similia.
1200 1877 1258 1956 15'

142 2074 237 2134 propter
243 2069 613 2134 istornfidioinarn'l'ompirilornl
629 2071 681 2144 ΡΑ.
696 2069 1086 2184 Quoruneroelegmsterlgisoniceb
1096 2069 1244 2134 qsnlepriutn

144 2135 447 2198 aemularemur»,
457 2136 611 2184 recensionem
622 2135 716 2195 scetem
735 2135 847 2197 beneficii.
881 2137 938 2184 Τιι.
980 2135 1089 2185 ierimus
1107 2134 1258 2184 sinceritas.

144 2211 177 2247 ss.
212 2198 267 2248 Gn.
287 2201 374 2249 Euenus
385 2215 440 2262 ergo
456 2201 488 2248 od
505 2214 601 2248 cenom.
642 2199 708 2255 Quid
726 2204 819 2247 emor?
851 2199 902 2248 Pa.
920 2199 1068 2258 Hemeseo
1084 2198 1128 2248 tibi
1144 2200 1244 2247 sitm

145 2261 259 2312 nonae»
271 2263 428 2326 Gnotbonern,
442 2264 526 2313 rnilids
536 2263 607 2312 dietis
617 2267 641 2312 et
658 2262 768 2324 cogdmis
787 2263 822 2311 ito
837 2269 1010 2326 congruentem,
1027 2268 1055 2312 ut
1072 2277 1103 2311 ex
1119 2277 1145 2311 eo
1162 2261 1260 2312 som

143 2325 295 2377 mnsam.
328 2329 401 2378 Τιιιι.
421 2328 523 2383 Ubiris,
541 2341 669 2378 cerrensis.-
685 2328 749 2375 nolio
767 2327 792 2376 in
809 2341 846 2375 me
860 2333 979 2377 rmrorst.
1013 2327 1064 2376 Pr.
1080 2326 1245 2376 Adl'boidess

144 2391 261 2454 neodem,
270 2392 393 2458 etflrrgom
402 2407 439 2442 me
449 2393 475 2440 in
486 2393 613 2456 mesatis
623 2406 655 2440 es·
662 2391 750 2440 edna
760 2391 848 2440 nostris
857 2391 945 2453 egredi.
980 2391 1095 2447 onaan,
1106 2405 1138 2439 on
1154 2389 1244 2454 mosea

145 2459 234 2504 tannes
249 2457 341 2520 olum?
373 2457 426 2508 Τιι.
444 2456 515 2511 Hem,
530 2457 654 2517 Pmrueno,
672 2454 820 2514 benefecisti
837 2457 897 2518 prod
915 2470 976 2504 nnnc
995 2469 1032 2504 sne
1049 2455 1174 2511 consenior
1189 2469 1245 2504 nens

144 2518 209 2568 dm
219 2535 271 2570 mm
281 2521 393 2586 propinem
427 2521 477 2568 Pa.
495 2521 565 2576 Quoi
597 2519 653 2568 Τιι.
671 2519 735 2575 Quid
750 2519 852 2582 wis?
868 2519 907 2568 Aa
918 2519 978 2568 burc
994 2519 1131 2568 concides?
1155 2518 1244 2583 (Tiro-

142 2583 656 2704 submittentem}
668 2582 1247 2697 aggaognffiogpafflgm

145 2711 295 2778 sumnum
305 2729 357 2764 um
368 2713 435 2762 aare
453 2711 558 2778 enfin)
577 2711 664 2761 rnen
680 2712 736 2760 nn
753 2727 805 2774 ,aa
816 2713 927 2772 mmo,
944 2726 995 2760 aar
1013 2711 1088 2768 aree,
1107 2716 1131 2759 er
1148 2682 1202 2760 ceri
1211 2725 1244 2770 μ

144 2775 216 2841 loqur.
248 2777 322 2828 Tua.
340 2777 619 2842 arremarensem,
629 2776 690 2825 bend
700 2775 788 2824 norun
797 2776 958 2839 comparando.
984 2775 1034 2826 Pa.
1050 2759 1256 2840 nepam!

146 3021 242 3072 nr.-e
258 3019 345 3069 Verba
364 3018 480 3068 ‘Eamus
492 3053 519 3070 ..
536 3051 544 3067 .
563 3017 625 3068 stas'
640 3031 702 3075 non,
721 3018 789 3067 sicut
801 3017 886 3080 vulgo,
903 3015 1035 3076 Parasito,
1051 3017 1096 3064 sed
1119 3015 1243 3066 'llrrasoni

147 3085 294 3135 attribuunt
306 3084 340 3144 B,
352 3083 413 3132 Hel.
431 3089 512 3133 recte.
533 3084 605 3132 Bntb.
638 3083 682 3132 Sic
700 3083 792 3132 tribuit
808 3090 836 3131 et
853 3083 944 3132 Br.—l
962 3079 1012 3129 Vel
1028 3081 1144 3130 Terentii
1156 3095 1245 3139 carisa,

147 3149 238 3200 melius
250 3147 310 3212 quid
329 3162 509 3210 suggeremus:
528 3147 654 3198 Abdomini
665 3148 726 3195 bunc
737 3151 826 3195 antron.
842 3147 921 3196 Bent.
954 3144 1099 3194 Admodum
1109 3145 1243 3206 ingeniosa

147 3222 189 3264 est
201 3212 444 3275 Benaconjectura.
461 3212 537 3262 Zeus.
570 3211 691 3274 Interpp.
703 3211 758 3260 hec
771 3211 951 3274 perinterrog.
964 3210 1079 3272 capiunt.
1113 3208 1166 3258 Sed
1180 3209 1244 3258 mire

146 3277 279 3326 blanditur
290 3277 415 3340 preclara
427 3283 454 3325 et
468 3276 545 3338 digne
557 3277 603 3326 tali
616 3275 718 3336 ingenio
734 3275 849 3324 Bentleii
867 3273 1022 3324 emendatio.
1040 3271 1114 3322 R-D.
1149 3273 1244 3322 Verius

145 3341 226 3392 Bent.
239 3341 368 3404 rescripsit
378 3340 514 3391 Abdonsini.
532 3341 592 3403 Bip.
624 3340 751 3390 Abdomini
761 3341 840 3388 Beni.
852 3345 881 3388 ut
895 3339 968 3400 solet,
976 3337 1119 3402 ingeniose.
1152 3337 1194 3386 Es
1203 3353 1244 3386 so·

146 3405 209 3455 ssina
225 3405 353 3454 ucnmeid.
370 3405 436 3455 Peri.
457 3405 501 3466 qui
519 3404 583 3454 illud
601 3404 656 3454 dat.
693 3405 744 3453 Vul
765 3401 903 3454 .det‘endit
919 3401 998 3452 Botis.
1032 3402 1104 3451 Nunc
1120 3414 1168 3462 pro
1183 3399 1244 3450 iane

147 3467 275 3520 cretus.
303 3469 357 3518 Dnt
372 3469 417 3518 Br.
444 3467 492 3517 Udi
512 3469 556 3518 nis.
585 3469 651 3517 Nrmr
669 3419 814 3518 mereri-9
833 3468 874 3517 ΑΙ.
894 3472 928 3518 est
950 3464 1083 3517 mendose.
1101 3464 1165 3513 Peri.
1200 3464 1245 3514 Sis

148 3533 195 3583 dat
216 3531 262 3582 Br.
279 3533 322 3597 qni
339 3539 367 3582 et
384 3531 520 3583 Hera—1⁰
537 3533 604 3584 Bene
617 3533 658 3595 poi
680 3533 764 3595 serisii
782 3532 816 3581 G.
833 3533 885 3582 El*-
909 3531 970 3581 EM.
991 3532 1064 3579 West.
1099 3527 1164 3583 Quid
1182 3527 1244 3580 isne

146 3595 240 3660 sideri]
258 3597 365 3661 Legitur
374 3596 399 3644 ln
412 3611 437 3645 o.
448 3597 465 3647 l.
478 3613 499 3645 s.
511 3596 617 3660 et'apnd
630 3597 770 3660 Donatum,
789 3596 863 3657 Quid,
880 3597 940 3646 buno
955 3610 1000 3642 nors
1014 3595 1095 3642 nider?
1117 3592 1204 3654 itaque
1216 3599 1244 3642 et

146 3663 294 3725 Stephanus
314 3661 454 3724 impressit.
485 3661 544 3710 Stat
562 3668 648 3710 nutem
667 3675 756 3710 versus
775 3660 837 3709 eliso
848 3663 873 3720 d,
889 3674 922 3709 ex
939 3657 1047 3710 ‘Quid'
1064 3657 1110 3706 Fo.
1145 3655 1244 3705 Omnes

150 3725 357 3776 omninonestri
380 3725 611 3775 sirmundum.
645 3724 713 3774 Bene
729 3724 769 3788 pei
784 3723 877 3784 serisii.
912 3722 1244 3784 Fieripotest,rrtretuste

148 3790 252 3840 dederit
276 3791 383 3851 Noster,
412 3790 478 3838 Bure
501 3789 540 3853 poi
561 3787 642 3849 secsti.
663 3789 735 3838 Hune
754 3803 801 3837 nos
824 3788 899 3849 sides,
922 3785 1002 3835 nostri
1022 3785 1140 3834 uniuersi.
1168 3785 1243 3834 Beni.

148 3855 215 3906 Bene
229 3853 363 3917 polseristi
381 3855 412 3905 li.
429 3854 502 3905 bird.
534 3853 578 3904 Sic
600 3858 629 3902 et
646 3852 727 3902 editio
746 3853 843 3914 Delpb.
869 3866 928 3915 quse
952 3849 1041 3898 ultima
1059 3849 1173 3899 itadat:
1199 3849 1247 3898 &-

148 3919 206 3984 qnid
221 3919 281 3968 bunc
299 3917 383 3970 sideri
415 3919 541 3968 Botlrins:
568 3914 736 3974 ituro...le
769 3914 840 3971 Quo?
858 3917 919 3966 bunc
936 3929 982 3963 son
1000 3912 1086 3964 sideri
1111 3913 1143 3964 Z.
1160 3910 1245 3968 iuret

148 3987 211 4033 —ll
231 3983 284 4032 Ma.
296 3984 366 4046 Lips.
377 3997 427 4033 uon
440 3982 554 4044 agnoscit
570 3979 600 4029 ri
611 3981 663 4030 tibi.
682 3981 824 4030 West-li
842 3980 919 4032 Nobis
931 3985 989 4043 post
1003 3981 1011 4007 ‘
1024 3977 1115 4026 liceat'
1134 3978 1244 4026 liu-li

149 4047 233 4098 Hasd.
266 4047 309 4096 Ite
328 4055 355 4098 et
377 4047 523 4096 Priscianus
541 4047 616 4107 citat,
634 4046 700 4096 lust.
721 4045 834 4094 Graium.
853 4045 896 4094 lib.
911 4057 970 4093 ιιι.
983 4048 1010 4092 et
1022 4055 1097 4092 xvir.
1130 4043 1181 4090 Ant
1194 4040 1246 4090 Pe·

141 4111 246 4162 vinonio
257 4111 388 4174 placebat.
414 4111 445 4160 ln
458 4112 530 4160 libris
543 4111 665 4174 antiquis,
676 4111 741 4160 Mas.
752 4117 778 4158 et
789 4109 866 4158 editis
877 4118 1014 4172 utrumque
1027 4106 1150 4155 invenias.
1167 4105 1245 4154 West.

148 4175 302 4226 Astmelius
315 4177 374 4224 milri
386 4175 497 4225 ridetur.
516 4177 561 4224 Fu.
598 4177 646 4224 Ant
665 4183 738 4224 recte
756 4173 829 4222 dedit
847 4173 975 4231 Primum
993 4171 1054 4220 dum
1072 4171 1138 4234 ejus.
1158 4167 1247 4231 credo,

149 4239 308 4306 Codicer,nt
320 4242 403 4292 nostri
418 4254 516 4304 omnes,
532 4239 743 4300 baberenttout3
761 4245 789 4288 et
806 4239 938 4303 plausores
956 4235 1005 4286 sibi
1025 4237 1119 4286 multos
1139 4233 1245 4298 reperit.
