2948 4890
356 411 536 464 usuratio
560 409 706 460 uurusrr
731 409 991 462 ureaanrurro.
1173 399 1217 466 98

123 557 248 638 quinon
261 553 421 636 intelligat.
462 554 497 614 lu
520 554 667 627 Terentio,
692 555 740 614 cui
765 555 821 616 suli
845 556 946 616 Artem
970 557 1093 620 Flaouus
1116 571 1218 623 noster

122 653 298 733 assignavit,
311 652 385 712 nihil
397 651 466 712 tale.
508 651 617 711 Omnia
630 671 698 712 cum
717 651 842 730 judicio,
866 673 934 713 oum
955 655 1078 730 ratione,
1092 657 1216 719 circurn-

122 759 237 829 specte,
245 769 283 810 ex
291 759 364 822 arte,
372 759 403 808 et
415 767 482 808 eum
491 767 571 808 eura.
600 746 716 808 Namet
726 746 847 806 Fabula
858 748 1003 828 insignem
1015 752 1074 812 fere
1086 771 1153 813 cum
1162 773 1216 834 ag·

122 847 235 907 uitione
250 846 444 906 mutationem
462 844 593 904 habeut:
608 864 693 924 quas,
708 845 783 906 inter
796 850 845 904 τὼ
856 849 895 921 μὴ
909 847 1003 906 ἁπλᾶς
1016 847 1076 908 sire
1090 855 1217 926 reeleg-

119 946 220 1021 μένας,
234 961 304 1003 ease
316 942 542 1022 periefflssimas
557 961 680 1002 necesse
694 951 751 1002 est.
783 939 887 1008 Qualis
900 951 930 1001 et
943 942 972 1001 in
984 942 1095 1024 reliqua
1109 945 1217 1026 ubique

121 1037 328 1118 Dispositiune
341 1047 396 1097 est.
439 1035 528 1106 Quod
542 1035 581 1096 ad
596 1037 765 1097 Dictionem
789 1043 898 1110 autem,
912 1039 977 1116 quis
991 1041 1119 1120 negabit,
1133 1063 1216 1123 quur·

121 1135 189 1194 dam
213 1155 282 1196 esse
302 1135 332 1194 in
348 1134 466 1206 Plauto,
489 1154 556 1214 qum
580 1153 636 1194 neu
653 1135 750 1194 locum
763 1142 847 1194 extra
867 1153 996 1209 scenam,
1020 1157 1115 1216 neque
1130 1159 1216 1201 urum

120 1233 175 1291 nisi
189 1231 270 1292 iuter
283 1231 442 1292 histriones
455 1230 588 1291 habenti
617 1231 697 1292 uude
719 1231 784 1292 solo
805 1238 837 1290 et
860 1229 969 1310 exiguo
987 1231 1094 1293 theatri
1108 1235 1217 1300 ambitu

120 1326 411 1388 ouuumserihuutur.
468 1326 545 1386 Nam
575 1337 606 1387 et
628 1330 815 1403 ἀγωνιστικὸν
835 1323 867 1388 in
894 1329 968 1400 loro,
995 1347 1092 1409 neque
1118 1331 1217 1394 miuus

121 1425 270 1505 γραφικὸιὸ,
285 1423 348 1484 sive
361 1424 502 1484 usitatum
514 1423 545 1482 iu
560 1423 715 1484 scribendo
724 1424 938 1498 ‘characterem
952 1426 1041 1502 louge
1049 1425 1217 1490 excedunt:

120 1541 179 1602 quo
192 1522 305 1601 ubique
329 1519 425 1592 Nova,
447 1531 478 1580 et
495 1519 559 1599 jam
581 1520 748 1592 ameuddta,
773 1523 893 1603 respicit
913 1522 1077 1584 Comoedia.
1118 1525 1217 1595 Quare

120 1619 225 1690 Varro,
252 1636 322 1678 curu
350 1617 492 1678 sermonis
519 1615 638 1676 laudem
662 1615 704 1675 illi
719 1617 829 1692 tribuit,
853 1619 931 1679 idem
953 1619 1033 1699 quud
1054 1621 1163 1701 ubique
1184 1623 1216 1682 iu

120 1713 250 1794 seriptis,
272 1713 376 1793 quanti
397 1713 508 1773 iaceret
529 1712 743 1792 antiquitatem,
765 1717 937 1796 profitetur:
958 1725 992 1774 ut
1010 1717 1059 1796 qui
1073 1723 1110 1778 nt
1127 1722 1217 1797 ἀπηρ-

120 1817 281 1890 χαιωμένα,
296 1829 364 1889 quoe
377 1809 407 1868 iu
430 1808 538 1870 Plauto
551 1811 657 1889 partim
676 1831 772 1872 aevum
794 1832 854 1892 quo
875 1809 940 1872 hee
958 1811 1084 1891 scripsit,
1099 1817 1214 1894 partim,

120 1925 187 1982 qum
201 1905 354 1984 plerisque
367 1904 476 1984 placet,
490 1906 557 1986 ipsa
570 1905 668 1966 desita
685 1919 810 1968 excusat
823 1909 995 1988 antiquitas,
1019 1908 1216 1970 commendat.

122 1999 208 2060 Unda
219 2011 252 2060 et
264 2002 330 2080 ipse
344 2001 394 2080 qui
408 2003 451 2060 siu
460 2001 616 2079 judicarit,
629 2011 664 2062 ut
676 2001 796 2063 nimium
818 2004 1001 2083 antiquitatis
1015 2001 1044 2063 in
1060 2005 1217 2066 scribendo

121 2095 286 2167 studiosus,
308 2116 405 2176 neque
429 2097 500 2158 satis
514 2099 570 2158 reri
590 2099 635 2158 sui
658 2119 778 2173 memor,
796 2100 890 2160 Varro
907 2099 1085 2179 abantiquis
1100 2101 1217 2162 criticis

121 2203 251 2254 notatur.
295 2193 354 2262 Qui
379 2213 446 2253 eum
462 2194 591 2254 sentiant
605 2195 659 2266 sie,
680 2195 887 2276 judiueutque,
907 2197 1003 2269 uobis,
1024 2197 1074 2276 qui
1099 2199 1137 2256 ab
1158 2197 1217 2258 lllis

121 2291 224 2350 merito
252 2290 428 2370 pendemus,
451 2289 587 2370 equidem
611 2291 770 2352 tacendum
793 2311 867 2353 reor.
916 2293 1027 2353 Auctor
1050 2293 1088 2354 de
1110 2293 1216 2354 Gauiis

122 2386 309 2466 Eloquentiae
332 2387 506 2468 Corruptae:
540 2387 715 2448 ‘Neminem
740 2389 916 2457 nominabo:
949 2409 1043 2468 genus
1064 2389 1217 2450 huminum

121 2482 258 2562 signasse
271 2491 447 2544 contentus:
469 2481 522 2543 sed
543 2483 626 2544 robis
650 2484 751 2564 utique
767 2493 920 2545 versantur
941 2494 1009 2544 ante
1031 2485 1145 2556 oeulos,
1166 2487 1218 2563 qui

122 2579 265 2638 Lucilium
279 2599 332 2658 pro
359 2579 493 2653 Horatio,
517 2588 548 2638 et
572 2579 737 2639 Lucretium
760 2599 814 2659 pru
832 2579 956 2659 Virgilio
969 2579 1089 2659 legunt:
1110 2580 1217 2659 quibua

121 2675 292 2754 eloquentia
305 2675 348 2734 tui
368 2675 477 2735 Aufidii
501 2675 586 2735 Bassi
609 2685 661 2736 aut
675 2656 788 2736 Servilii
803 2677 929 2736 Noniani
947 2695 983 2737 ax
997 2675 1217 2755 comparatione

123 2772 257 2832 Sirenum
278 2783 331 2831 ant
344 2771 484 2831 Varronis
508 2770 629 2832 sordet!
670 2771 760 2840 Quod
783 2791 820 2830 ex
841 2772 962 2830 vocibus
975 2771 1104 2848 antiquis
1125 2779 1217 2848 patet.

123 2887 195 2947 quas
209 2887 248 2929 ex
260 2868 342 2927 libris
356 2867 420 2946 ejus
434 2867 537 2928 Critiei
550 2867 697 2946 legerunt,
711 2885 779 2926 uum
800 2885 858 2925 non
873 2883 969 2944 panea
981 2865 1039 2924 alia
1051 2883 1087 2923 ex
1102 2865 1217 2944 scriptis

122 2965 184 3044 ejus
196 2965 262 3045 peti
274 2965 401 3045 possint.
443 2964 574 3044 Ideoque
587 2965 702 3036 Cicero,
727 2963 778 3042 qui
793 2961 831 3021 da
844 2961 941 3020 aetatis
963 2979 1026 3020 suae
1039 2969 1071 3020 et
1083 2979 1217 3022 sermone

121 3075 152 3124 et
168 3071 326 3123 venustate
345 3061 473 3122 maxima
486 3081 554 3122 cum
578 3079 649 3121 eura
665 3057 830 3139 judicabat,
852 3056 969 3118 laudem
982 3057 1060 3117 haue
1080 3058 1217 3118 Terentio

120 3161 247 3220 cessisse
261 3157 366 3218 merito
379 3155 561 3238 pronuntiat.
603 3156 653 3216 Sia
667 3155 744 3214 enim
759 3154 798 3213 ad
810 3153 958 3214 Atticum:
981 3153 1127 3213 ‘Secutus
1141 3171 1217 3224 sum,

121 3275 180 3316 unu
192 3255 263 3316 dieu
277 3253 451 3321 Caecilium:
475 3253 585 3312 ‘Mane
596 3263 631 3310 ut
641 3267 682 3309 arr
692 3259 778 3330 portu
788 3248 817 3307 iu
830 3248 973 3308 Piraeum
983 3248 1010 3308 :'
1029 3249 1126 3308 malus
1136 3249 1216 3308 euim

121 3351 288 3412 Latinitatis
302 3359 481 3411 auctorest:
505 3347 558 3409 sed
572 3347 752 3418 Terentium,
766 3345 855 3425 ‘cujus
870 3345 1010 3418 Fabella,
1024 3355 1142 3426 propter
1155 3345 1217 3406 ela·

121 3449 253 3526 gantiam
265 3446 422 3520 sermonis,
433 3445 614 3525 putabantur
627 3461 645 3501 a
659 3441 748 3501 Lmliu
759 3439 864 3501 scribi:

202 3592 277 3652 Heri
290 3580 404 3672 aliquot
417 3587 630 3652 adolescentuli
644 3589 755 3648 coimus
770 3585 799 3645 iu
815 3567 980 3644 Piraeeum?

121 3741 160 3802 Et
173 3737 296 3800 Servius
314 3736 491 3816 proprietate
513 3733 619 3796 ueteris
640 3731 830 3813 praepositum
855 3725 934 3789 hune
949 3733 1043 3787 notat.
1085 3723 1166 3786 Idem
1181 3711 1218 3786 de

120 3835 289 3906 sententiis,
313 3851 389 3912 quas
414 3831 540 3891 havniae
560 3839 679 3900 vocant,
702 3826 829 3907 judicari
849 3833 959 3904 potest.
1001 3819 1113 3880 Omnes
1141 3819 1219 3880 enim

120 3935 180 3993 lere
195 3931 298 3992 Plauti
312 3939 343 3990 et
363 3931 509 4008 θνμιλικαὶ
533 3937 612 3997 sunt,
637 3933 669 3982 et
692 3923 729 3982 ab
755 3941 811 3980 usu
837 3919 953 3986 alienae,
977 3913 1082 3994 quales
1106 3915 1219 3994 passim

119 4031 220 4091 habet.
264 4024 402 4104 Inprimis
416 4041 482 4082 eum
507 4017 731 4101 philosophatur
744 4019 790 4076 roi
806 4017 992 4092 γνωμοτνποῑ.
1033 4007 1075 4069 Ut
1088 4028 1176 4070 aecer

200 4183 344 4268 lnaaugm
359 4187 405 4238 est
418 4175 539 4250 malum,
551 4173 582 4232 in
596 4171 756 4252 hospitium
770 4164 873 4230 divorti
886 4161 924 4223 ad
939 4157 1125 4241 Cupidinem.
