2958 4892
172 421 175 428 .
243 343 310 408 20⁰
668 359 723 406 ro.
747 357 913 406 nunnius

247 503 311 562 Nec
326 520 343 562 a
358 499 470 560 ratione
484 501 612 560 tortasse
622 496 754 558 'alienum
769 497 926 570 videbitur,
948 499 973 558 si
997 499 1113 579 syllaba
1130 509 1236 561 natura
1250 503 1343 562 lucris

246 596 403 670 interdum,
429 597 516 676 quasi
541 596 613 656 data
636 613 737 674 opera,
761 593 951 672 producatur,
975 614 1035 674 quo
1060 596 1156 676 magis
1181 597 1346 678 emphatice

246 703 374 754 mentem
387 692 537 772 loquentis
551 691 705 772 exprimet.
747 689 798 749 Sic
812 689 931 750 Phorm.
948 709 980 750 v.
995 693 1025 752 6.
1041 694 1090 754 75.

368 821 447 890 Quin
462 840 539 882 novo
553 819 643 880 ruodo
656 817 683 880 ei
697 817 811 878 iaceres
826 817 1046 878 contumeliam.

247 949 315 1018 Quo
337 949 366 1008 iu
391 947 457 1009 loco
477 947 662 1008 Phonoiouis
684 965 820 1026 personae
834 943 995 1006 admodum
1009 945 1166 1006 convenire
1180 945 1251 1005 mihi
1266 947 1347 1008 vide·
1464 970 1465 1024 ξ

247 1057 304 1118 tur,
320 1047 344 1106 si
359 1045 451 1125 prirua
465 1043 580 1125 syllaba
593 1043 635 1112 in,
650 1061 738 1116 novo,
752 1043 864 1104 cornice
878 1041 1023 1122 producta
1035 1041 1084 1102 sit.
1125 1043 1268 1122 Agnosco
1282 1045 1344 1122 qui·

246 1141 314 1202 dem
340 1143 495 1212 Fabrnnm,
517 1151 551 1199 ut
572 1149 603 1200 et
617 1139 770 1212 Waseum,
792 1139 877 1198 aliter
890 1138 971 1198 hunc
984 1157 1101 1198 uersum
1116 1139 1222 1212 metiri,
1243 1159 1348 1218 nempe

245 1236 448 1298 contrahendo
472 1255 585 1309 vocem,
606 1255 694 1308 novo,
715 1236 746 1294 in
772 1255 859 1295 unam
883 1235 1039 1316 syllabam,
1062 1245 1092 1296 ct
1115 1235 1239 1314 primam
1255 1236 1296 1308 in,
1311 1235 1347 1306 ei,

245 1333 455 1416 producendo:
479 1333 533 1392 sed
549 1333 613 1392 haec
628 1334 702 1392 ratio
716 1331 885 1412 impeditior
899 1330 1033 1391 videtur:
1054 1330 1134 1408 quod
1150 1331 1174 1390 si
1188 1331 1236 1390 cui
1252 1351 1348 1410 neque

244 1431 348 1491 horurn
360 1447 455 1510 neque
471 1437 571 1488 nostra
587 1427 673 1508 hujus
689 1447 790 1486 versus
806 1425 983 1506 expediendi
999 1425 1072 1486 ratio
1087 1425 1215 1506 placeat,
1228 1447 1276 1486 nar
1291 1429 1346 1488 iste
1465 1465 1466 1478 ,

247 1525 394 1584 turbatum
409 1544 427 1584 a
442 1523 559 1584 Murato
574 1525 726 1584 verborum
742 1523 886 1594 ordinem,
899 1535 1003 1584 contra
1013 1523 1142 1582 omnium
1155 1523 1231 1582 Mss.
1247 1523 1346 1596 fidem,

247 1621 271 1679 si
285 1619 366 1694 velit,
391 1619 595 1699 amplectatur.
639 1621 684 1680 lta
697 1619 775 1679 enirn
791 1618 926 1680 Muretus
941 1619 1033 1698 legit:

327 1747 413 1809 Novo
428 1747 517 1810 modo
530 1749 558 1809 ei
571 1749 642 1828 quin
654 1748 766 1809 lacerer
780 1748 974 1810 contumelias
987 1769 995 1807 ι

248 1892 311 1964 sed,
333 1911 370 1952 an
393 1892 458 1952 haec
472 1893 625 1952 verborum
648 1893 804 1954 collocatio
818 1905 944 1954 venusta
965 1893 1014 1968 sit,
1035 1891 1132 1954 doctis
1150 1891 1345 1972 judicandum

247 1987 391 2067 relinquo.

288 2083 364 2142 Cum
379 2093 492 2142 tantam
515 2081 615 2161 itaque
635 2081 784 2142 licentiam
807 2083 862 2142 sihi
889 2101 1101 2163 nonnunquam
1115 2083 1275 2143 sumserint
1289 2085 1348 2144 Co·

247 2179 325 2252 ruici,
340 2187 375 2238 ut
396 2187 520 2237 metrum
536 2197 622 2236 suum
636 2176 675 2236 ad
700 2177 872 2257 popularem
898 2177 1038 2259 loquendi
1062 2199 1171 2238 rnorem
1186 2181 1284 2259 magis
1299 2199 1347 2240 ac·

247 2273 468 2334 commodarent
482 2293 491 2340 ς
514 2274 616 2332 mirum
632 2273 761 2333 nouerit
783 2274 808 2332 si
832 2273 1014 2353 frequentius
1037 2275 1096 2334 iste
1111 2275 1247 2334 libertate
1261 2287 1348 2334 utan-

247 2382 305 2444 tur,
319 2390 408 2452 quam
421 2371 467 2430 rel
483 2369 538 2448 ipsi
552 2367 692 2429 carminis
706 2368 813 2428 heroici
829 2370 987 2448 scriptores
1010 2369 1065 2430 sibi
1082 2368 1229 2429 interdum
1244 2372 1349 2449 pcrrni·

248 2477 361 2527 serunt.
402 2465 481 2524 ilinc
506 2485 534 2524 m
557 2463 645 2522 linale
659 2465 706 2522 vel
720 2464 831 2525 vocalis
849 2475 919 2526 ante
941 2465 1067 2526 alteram
1086 2467 1218 2526 vocalem
1242 2467 1274 2525 in
1300 2487 1348 2527 se·

247 2562 350 2641 quenti
364 2559 493 2620 dictione
508 2577 587 2638 saepe
602 2577 661 2618 nou
676 2557 812 2618 eliditur:
834 2569 888 2620 ut:

330 2690 395 2770 Ego
409 2709 476 2752 cum
490 2689 541 2748 illo
556 2707 684 2768 quocum
699 2699 762 2748 tum
781 2707 841 2748 uuo
855 2708 914 2748 rem
929 2689 1072 2750 habebam
1086 2687 1212 2772 hospite.

327 2787 507 2848 iamdudum
522 2797 551 2846 te
566 2795 655 2858 amat,
665 2783 841 2865 jamdudum
861 2785 903 2844 illi
918 2785 1005 2846 l'acile
1021 2787 1062 2848 lit.

330 2883 394 2944 Eho
409 2902 478 2944 vero
493 2883 597 2944 laudas
612 2883 663 2962 qui
677 2881 764 2942 heros
779 2881 907 2942 fallunt?
929 2883 957 2940 in
974 2881 1057 2942 loeo:

248 3031 304 3072 nec
317 3011 465 3092 euphonia
480 3031 535 3075 saa
548 3022 629 3073 caret
641 3013 707 3074 hoec
721 3013 853 3074 elisiouis
867 3011 999 3072 omissio.

288 3108 404 3168 lnitium
419 3125 538 3184 quoque
552 3107 704 3184 sequentis
719 3127 822 3168 sersus
847 3127 927 3188 saepe
948 3109 977 3167 iu
999 3107 1156 3168 scansione
1170 3107 1220 3166 hui
1235 3127 1348 3186 prece·

248 3201 346 3262 dentis
359 3201 577 3262 annectendum
591 3213 638 3262 est
647 3223 657 3262 ,ι
679 3213 712 3262 ut
724 3224 732 3264 :

330 3327 498 3400 Rationem,
513 3339 560 3388 est
572 3329 672 3390 hercle
686 3331 796 3410 inepta,
807 3351 844 3390 ne
859 3329 955 3391 dicam
971 3331 1051 3400 dolo,

328 3425 427 3504 Atque
442 3423 588 3485 absurda:
610 3425 707 3506 pisces
721 3435 834 3486 ceteros
849 3445 955 3506 purge,
972 3427 1093 3487 Dromo.

249 3573 270 3630 S
284 3570 372 3632 linale
395 3579 464 3632 aute
492 3589 654 3632 consonam
678 3591 758 3651 sepe
772 3573 876 3646 exteri,
901 3591 960 3633 non
975 3592 1049 3653 opus
1068 3581 1115 3634 est
1129 3582 1162 3632 ut
1177 3591 1346 3651 memorem,

248 3687 316 3728 curn
330 3686 428 3740 nemo,
441 3666 492 3747 qui
507 3668 698 3728 vetustiorum
713 3670 867 3748 poetarum
882 3667 1020 3748 reliquias
1035 3679 1143 3740 versat,
1161 3667 1218 3729 hoc
1239 3670 1348 3750 ubique

246 3765 305 3827 l'ere
319 3765 380 3826 lieri
395 3784 455 3826 nou
472 3763 577 3826 rideat.

287 3863 385 3941 Atque
400 3861 466 3922 hee
480 3861 518 3922 de
544 3861 733 3922 comicorum
758 3859 877 3922 licentia
898 3861 982 3942 quasi
1007 3861 1101 3922 obiter
1114 3860 1251 3939 attigisse
1266 3863 1348 3922 suffi-

248 3957 320 4017 ciat.
361 3957 420 4026 Qui
434 3958 519 4036 plura
532 3960 623 4037 cupit,
644 3956 736 4016 Gabr.
753 3957 858 4017 Fa'e‘rni
871 3957 1092 4018 emendationes
1107 3955 1206 4029 adeat,
1220 3959 1346 4018 hominis

245 4053 276 4112 iu
297 4051 354 4112 hoc
376 4071 482 4130 genere
511 4052 724 4112 versatissimi?
754 4052 801 4111 rel
826 4053 896 4114 Chr.
923 4053 1025 4114 Wasei
1052 4053 1193 4114 nostratia
1215 4053 1347 4114 libellum

249 4146 299 4226 qui
313 4145 452 4206 Senariua
466 4147 642 4222 inscribitur,
661 4148 723 4208 sive
739 4147 777 4209 de
791 4147 907 4228 legibus
920 4159 951 4212 et
963 4148 1085 4234 licentia
1099 4159 1229 4234 ceterum
1243 4151 1333 4230 poc'ta
