2948 4890
400 413 448 464 us
471 411 622 460 cornera
647 411 959 462 oruuuaroursus.
1150 400 1214 466 1:37

118 557 264 616 tissimum
287 573 334 626 ea,
357 555 488 633 inquam,
509 573 576 614 esre
596 553 703 632 potuit,
723 563 758 614 ut
778 551 817 614 sd
838 553 916 615 hanc
937 555 1214 634 contemplationem

117 652 248 714 studium
264 661 398 712 nostrum
412 649 628 712 adhiberemus.
664 649 768 730 Neque
782 651 860 711 enim
874 650 999 711 soleres
1012 652 1213 732 petendajam

117 761 164 808 est
176 747 276 819 uobis,
302 746 356 808 sed
380 747 446 826 ipsa
464 747 652 808 contentione
668 746 705 808 de
720 746 887 808 clarissimis
912 747 1080 808 auctoribus
1094 749 1216 810 victoria

118 842 308 923 reportanda.
351 843 459 922 Atque,
473 853 506 902 ut
519 861 619 904 eorum
629 840 743 921 judicia
764 840 820 902 bac
834 861 952 922 quoqne
974 842 1005 902 in
1019 855 1101 922 parte
1115 864 1216 906 eureo-

118 939 235 1012 dernus,
250 939 339 1000 simul
361 937 399 998 nd
424 937 631 1018 bonooperum
656 937 812 1000 incitemus
831 939 951 1017 ingenia
964 939 1161 1003 literatorum:
1183 953 1217 1002 ut

119 1055 179 1096 nou
193 1035 345 1098 minimam
359 1033 569 1114 pronuntiandi
593 1034 735 1094 rationem
757 1053 793 1094 cx
807 1033 864 1094 bac
886 1037 1132 1096 commentatione
1144 1057 1217 1098 con.

119 1131 204 1211 sequi
229 1151 297 1194 sese
312 1150 400 1210 possa
414 1141 537 1210 putent:
558 1128 806 1209 quemadmodum
820 1149 887 1190 cum
911 1129 1108 1191 intellexerint
1121 1149 1217 1214 neque

120 1227 342 1306 multationem,
370 1245 466 1306 oeque
488 1225 615 1298 sibilum,
637 1245 732 1304 neque
755 1237 866 1286 mutam
892 1226 967 1286 iuter
992 1247 1023 1288 se
1048 1230 1217 1308 conspirare

119 1322 266 1402 potuisse,
281 1333 314 1382 ut
327 1321 420 1401 prima
429 1321 582 1402 syllabaiu
596 1339 669 1382 soce
683 1321 750 1394 bac,
765 1319 894 1394 ‘isthic’
912 1321 1129 1400 produceretur.
1151 1323 1219 1392 Qua

119 1421 148 1480 ia
164 1439 238 1480 soce
253 1419 359 1480 eadem
373 1417 424 1498 qui
445 1427 552 1498 putant
566 1417 683 1478 nibilum
696 1416 812 1477 extrudi
836 1418 864 1476 in
878 1419 1107 1498 pronuntiando,
1121 1440 1218 1500 oeque

121 1534 232 1582 rnorem
256 1526 420 1585 servarunt,
440 1531 536 1594 neque
550 1513 758 1594 etymologiam
773 1515 976 1578 observarunt.
1018 1515 1093 1576 Nam
1107 1516 1218 1590 AEoler,

121 1629 195 1690 qnos
212 1611 309 1673 Latini
333 1611 460 1672 maxime
481 1621 550 1670 suut
574 1611 689 1684 imitati,
704 1609 784 1690 quod
809 1611 859 1671 alii
883 1614 986 1673 trente
999 1612 1141 1685 dicerent,
1162 1615 1219 1694 ipsi

121 1709 476 1787 isldrpronuutiabaot:
506 1709 548 1768 its
570 1708 600 1768 iu
624 1709 722 1782 serbo,
756 1707 882 1778 ‘isthic'
912 1709 1004 1768 satius
1028 1711 1084 1769 luit
1107 1721 1218 1770 mutam

122 1805 269 1884 abjicere:
294 1817 325 1868 ct
347 1804 403 1864 luit
425 1803 517 1864 ratio:
549 1821 618 1864 nam
642 1804 704 1865 ‘is'
733 1823 895 1885 pronomen
922 1807 1067 1886 integrum
1099 1819 1218 1868 menet:

122 1900 220 1964 cauda
233 1911 334 1962 antem
349 1900 411 1974 illa,
433 1920 521 1979 quam
536 1913 644 1964 vocant
657 1902 828 1983 syllabicam
843 1901 1049 1981 adjectionem,
1065 1904 1146 1964 nullo
1161 1904 1220 1964 dis·

123 1997 234 2076 pendia
247 2009 398 2075 expuncta
412 1996 500 2058 etiam
515 1997 617 2057 leuiori
632 1998 770 2078 relinquit
783 1997 881 2062 locum
896 2000 1107 2079 conjunctioni.
1139 2001 1221 2062 Prra·

124 2105 204 2156 terea
218 2093 319 2154 multis
334 2093 365 2152 in
387 2091 460 2152 locis
483 2091 712 2166 animadvertas,
735 2096 897 2172 posituram
918 2081 1142 2158 consonantium
1157 2117 1217 2157 non

123 2191 289 2269 producere
296 2187 443 2250 vocalem:
458 2187 512 2248 sed
523 2197 628 2268 suapte
638 2191 804 2250 naturaniti
814 2191 970 2254 brevitate:
985 2201 1032 2252 ut:
1048 2191 1088 2263 in,
1098 2191 1220 2266 sed,ad‚

124 2287 215 2366 quod,
227 2285 322 2358 aliud,
334 2283 440 2346 simul:
454 2284 483 2344 in
494 2284 601 2362 quibua
612 2284 663 2362 qui
672 2295 812 2364 putarunt
819 2301 954 2368 oportere
963 2297 1143 2366 postremum
1153 2287 1222 2348 elidi

124 2383 314 2452 elementum,
327 2381 515 2443 vehementer
527 2391 669 2442 errarunt.
710 2381 770 2442 Sed
790 2382 878 2464 longe
893 2385 1008 2446 facilius
1022 2385 1051 2444 in
1067 2383 1221 2464 disjunctis

125 2480 248 2544 vocibus
259 2489 424 2558 correptam
437 2475 568 2540 socslsnr
577 2487 707 2551 tenuere,
716 2499 804 2558 quam
815 2479 845 2540 in
859 2481 1037 2562 conjunctis.
1058 2481 1099 2540 At
1109 2479 1138 2541 iu
1150 2499 1223 2543 con·

120 2575 233 2654 junctis
253 2576 295 2640 ita
309 2575 550 2653 pronuntiabant,
563 2585 598 2636 ut
609 2576 741 2655 positura
755 2577 828 2638 nihil
843 2577 960 2639 efferret
972 2597 1062 2637 morse
1075 2577 1222 2638 brevitati.

126 2674 176 2734 Sic
196 2671 338 2736 ‘iusidias
348 2675 355 2698 '
367 2683 399 2734 et
412 2672 550 2734 'inferos’
565 2673 687 2753 primam
698 2673 860 2754 producere
872 2673 1029 2734 dixerunt:
1051 2673 1224 2734 ‘iudicatio-

126 2770 208 2832 nem’
220 2778 322 2831 autent
335 2777 366 2828 ct
378 2769 563 2830 ‘incentum'
572 2768 729 2848 corripere.
750 2769 858 2841 Quare,
869 2771 893 2828 ri
901 2769 959 2828 hoc
973 2771 1002 2828 in
1014 2777 1176 2828 unotraotu
1188 2787 1224 2829 ac

127 2873 227 2928 tenore
241 2863 399 2938 iaciebant,
413 2863 507 2926 multo
520 2861 705 2926 commodius
727 2862 902 2942 interposito
916 2882 952 2924 eo
966 2861 1130 2937 intervallo,
1144 2863 1225 2944 quod

127 2943 273 3040 separatis
291 2961 413 3022 vocibus
438 2959 573 3032 debetur,
588 2960 704 3022 efficere
728 2957 875 3028 debuere;
905 2979 983 3032 nam,
1009 2959 1034 3020 si
1059 2959 1153 3032 dicas,
1174 2959 1225 3020 ‘in

128 3056 269 3131 sedibus:
283 3066 372 3138 atque
385 3057 425 3118 ibi
440 3057 609 3139 praepositio
633 3057 730 3118 brevis
745 3057 795 3130 sit,
816 3075 885 3140 qum
907 3055 937 3116 iu
956 3075 993 3116 ee
1014 3053 1226 3136 compositione

127 3151 219 3234 longa
231 3154 357 3222 luissetr
378 3163 492 3234 quanto
506 3153 604 3234 aptius
617 3155 714 3214 brevis
727 3154 792 3226 erit,
807 3155 832 3214 si
846 3154 939 3227 dicos,
961 3153 1011 3213 ‘in
1020 3150 1098 3214 diem
1111 3153 1138 3213 :’
1157 3172 1225 3233 qnoe

126 3252 151 3312 si
177 3270 353 3332 compones,
386 3250 483 3312 brevis
510 3268 629 3331 quoque
662 3249 740 3311 criti
774 3251 923 3311 Praeterea
950 3249 1226 3322 animadvertemus,

126 3367 216 3427 quam
229 3346 364 3410 celeriter
378 3346 486 3407 multra
501 3347 618 3409 vocales
632 3347 850 3428 pronuntiando
864 3347 1077 3426 expediveriut,
1093 3357 1126 3406 ut
1136 3347 1226 3407 etiem

126 3463 194 3504 cum
209 3443 404 3523 sequentibus
417 3443 611 3505 obscurarint.
653 3445 701 3505 Sic
717 3445 795 3506 euim
810 3443 840 3502 in
863 3441 941 3502 illis:
966 3445 1054 3514 scias,
1069 3463 1142 3514 sum,
1154 3455 1225 3514 toas,

126 3539 193 3616 isit,
206 3539 285 3612 dics,
296 3538 389 3610 Deos,
399 3537 499 3618 prins:
513 3558 586 3638 quoq
594 3539 763 3600 efficiebant
773 3539 997 3620 monosyllaba:
1011 3539 1053 3600 ita
1066 3537 1228 3600 exduobns

126 3634 348 3714 comparstivis,
360 3637 472 3716 potius,
486 3635 603 3708 melius,
613 3635 689 3698 daos
699 3637 923 3698 constituebant
935 3634 1129 3716 pyrrhichios.
1150 3635 1228 3696 Nam

125 3731 380 3814 quamadmodum
409 3751 613 3794 memoremur
634 3753 752 3795 versum
777 3733 860 3792 illum
887 3751 924 3791 es
951 3729 1083 3790 Andria?
1116 3729 1230 3790 ‘Dabit

126 3848 237 3892 nemo:
260 3828 391 3890 inveniet
404 3829 522 3908 inopem
536 3830 646 3909 potius,
660 3849 749 3909 quam
764 3839 794 3888 te
808 3827 955 3904 corrumpi
969 3824 1067 3885 sinat!
1095 3823 1228 3887 Necesse

125 3927 206 3990 enim
219 3937 269 3986 est
291 3943 329 3986 ex
348 3923 465 3984 duobus
489 3927 611 3986 vocibus
634 3925 692 3996 his,
720 3925 851 4004 ‘potius,
875 3924 985 4000 quam,'
1006 3939 1097 3981 uuum
1122 3921 1228 4002 pedem

127 4021 189 4084 lieri
202 4041 211 4084 a
232 4019 316 4100 quod
330 4029 366 4080 ut
377 4021 502 4094 efficias,
514 4021 609 4082 multe
622 4021 702 4102 priris
722 4039 757 4081 ac
771 4016 896 4078 mirabili
908 4026 978 4096 eget
991 4015 1227 4096 interpolatione.

127 4117 209 4196 Ergo
221 4115 314 4194 vulgo
327 4115 370 4176 ite
382 4133 500 4196 quoque
513 4115 630 4178 locutos
647 4128 731 4198 puto,
754 4133 813 4175 non
827 4113 938 4174 loturos
953 4131 1108 4174 scenarum
1121 4115 1228 4177 barba-

126 4215 211 4288 riem,
226 4231 297 4294 qum
311 4209 350 4270 de
373 4211 471 4274 medio
485 4223 613 4274 sumeret
626 4231 802 4276 sermonem.
846 4208 880 4270 la
895 4207 951 4272 hec
964 4217 1064 4270 tamen
1079 4229 1111 4274 re
1126 4221 1157 4272 et
1168 4211 1230 4270 dis·
