3012 4892
604 363 810 414 russeum.
1210 351 1255 420 28

148 525 248 570 nona
264 499 406 568 Bartsch
416 524 443 568 c.
457 501 589 590 Syrtcmr
604 501 659 570 der
675 497 874 590 Diplomolilc
896 505 937 570 Τ.
952 523 993 572 11.
1007 528 1041 592 p.
1056 505 1128 593 84.)
1140 479 1256 576 noster

152 606 269 672 codex
283 625 389 672 aeram
415 605 508 670 illam
527 607 705 672 antecedit.
747 607 861 672 Litora
882 628 898 670 e
920 608 954 671 iu
979 611 1140 694 superiori
1161 617 1255 694 parte

151 709 283 793 apicem
294 705 580 790 hahet,(linguam
591 712 692 772 vocat
701 705 948 774 Schoeuemaun
957 712 980 790 3)
988 707 1022 794 s
1028 718 1064 774 et
1071 707 1254 795 slongius-

155 810 242 876 culae
266 814 356 884 suut,
380 808 582 890 ubicumque
597 813 783 888 occurrunt,
798 815 833 874 et
845 809 929 875 infra
938 811 1072 892 lineam,
1085 813 1142 877 cui
1155 813 1255 878 insis-

156 917 242 987 tunt,
256 913 449 993 protense,
463 909 670 987 riuterdum,
682 910 834 994 inprimis
843 911 1004 978 inultima
1013 913 1100 978 linea
1109 914 1253 998 paginae,

155 1019 207 1076 est
218 1014 392 1094 protensa.
437 1009 621 1076 Radssime
643 1011 809 1092 digamma
829 1011 997 1077 AEolicnm
1018 1013 1095 1078 loco
1111 1013 1254 1080 literaell

13 1143 14 1146 ¹
154 1131 301 1196 superne
328 1111 384 1176 val
412 1117 492 1176 aute
513 1117 702 1195 sequentem
731 1113 861 1178 literam
886 1115 1067 1198 ascriptum
1099 1124 1253 1200 apparet,

153 1232 182 1277 e.
196 1233 243 1296 gr.
268 1212 425 1277 ‘ilerum'
449 1231 511 1296 pro
534 1211 717 1278 ‘hilarum'
761 1213 802 1280 lu
816 1213 964 1298 Prologo
979 1213 1127 1300 Hecyrae
1144 1233 1184 1280 11.
1198 1217 1251 1284 2⁴2.

154 1314 274 1380 offendi
296 1315 429 1380 literam
455 1313 476 1377 k
501 1314 537 1378 in
553 1333 636 1380 voce
666 1316 888 1396 ‘calamitae’
916 1322 1139 1400 utnusquam
1160 1317 1252 1382 alihi.

155 1413 478 1498 quucutissimum
502 1417 628 1498 siguum
652 1417 926 1500 interpunctionis
949 1421 1000 1482 est
1013 1421 1175 1499 punctum
1198 1415 1251 1504 (.).

154 1513 311 1582 Occurrit
324 1518 423 1582 etiam
438 1518 623 1583 semicolon
637 1515 682 1604 (ς)
701 1518 760 1582 sed
775 1517 981 1602 plerumque,
997 1517 1032 1580 ui
1047 1517 1156 1596 fallor,
1171 1517 1250 1582 lina·

152 1616 207 1681 ola
218 1637 325 1682 curra
337 1616 379 1704 (ι)
394 1620 600 1684 crecentiori
613 1639 713 1684 mann
725 1620 843 1686 addita
857 1627 921 1684 est.
965 1618 1103 1702 Signum
1113 1618 1250 1686 interro·

153 1717 254 1799 gaudi
268 1737 334 1783 uon
348 1725 480 1802 semper
492 1720 633 1785 eandem
645 1721 783 1803 figuram
798 1720 952 1800 exhihet;
968 1719 1078 1798 credo,
1093 1720 1251 1804 quianon

151 1819 278 1902 ubique
301 1819 419 1884 omem
447 1839 566 1884 manus
594 1823 765 1906 apposuit.
809 1821 944 1904 Signum
973 1820 1185 1886 exclamaudi
1207 1819 1251 1906 (l)

150 1918 216 1985 hac
226 1919 331 2002 ligura
353 1930 386 1998 Λ,
404 1939 469 1986 nou
483 1921 527 1986 ad
538 1921 636 1986 tinem
652 1923 759 2001 vocis,
774 1923 834 1988 sed
850 1942 953 2006 super
966 1923 1076 1988 media
1089 1941 1183 2000 voce,
1206 1921 1250 1987 ad

151 2039 251 2104 quam
270 2023 425 2104 pertinet,
443 2022 497 2087 hic
520 2023 591 2088 illic
605 2025 749 2108 positum
772 2033 837 2105 est,
852 2045 883 2090 e.
899 2044 946 2107 gr.
965 2025 1088 2090 Heaut.
1105 2040 1154 2087 ιν.
1169 2025 1201 2088 1.
1215 2025 1248 2088 7.

151 2136 255 2220 ‘quid
270 2117 356 2201 siit!
370 2153 422 2202 ιν.
433 2139 465 2204 8.
474 2139 528 2203 21.
542 2121 693 2220 ‘Aegre’
734 2139 807 2204 Vix
822 2140 923 2205 credo
937 2140 1022 2206 hauc
1045 2139 1185 2223 liguram
1210 2139 1246 2202 iu

151 2236 256 2312 lihris,
281 2239 340 2320 qni
365 2238 406 2303 de
428 2257 463 2303 re
482 2238 703 2322 diplomatica
724 2249 836 2324 agunt,
851 2247 1043 2308 eunomiam
1056 2259 1141 2308 esse.
1181 2237 1248 2305 Co·

149 2338 205 2404 lou
219 2335 265 2425 (ε)
279 2345 314 2403 et
327 2359 458 2406 comma
469 2339 513 2424 (,)
527 2359 692 2424 nusquam
706 2349 906 2428 comparent.

192 2439 339 2526 Sequior
352 2461 473 2506 manus
481 2442 516 2506 iu
531 2443 640 2526 prima
653 2443 782 2510 codicis
795 2446 919 2528 pagiua
927 2463 1055 2523 omues,
1066 2445 1099 2510 in
1109 2463 1247 2528 requen-

151 2541 241 2606 tihna
255 2562 357 2626 quam
372 2543 532 2626 plurimas
542 2544 657 2608 literas
666 2549 850 2611 chamanto
861 2547 997 2629 nigriori
1005 2545 1246 2630 superinduxit,

151 2647 186 2706 et
212 2645 347 2708 uomina
374 2643 593 2727 loquentium,
623 2663 700 2728 quea
731 2648 873 2730 primum
903 2653 1089 2713 atramento
1117 2647 1247 2731 scripta

152 2749 256 2822 mant,
270 2744 376 2808 minio
393 2744 518 2824 illevit;
532 2751 654 2828 postea
669 2741 780 2811 tamen
795 2749 870 2830 ipse
886 2749 997 2813 scriba
1015 2750 1049 2812 iu
1065 2747 1245 2812 exarandis

149 2845 340 2910 nominihus
354 2846 453 2910 rnhrc
479 2845 589 2910 colora
613 2865 697 2910 usna
719 2853 782 2911 ost.
824 2846 892 2910 Par
911 2853 1015 2912 totum
1031 2847 1182 2912 codicem
1195 2867 1245 2912 ra-

149 2947 277 3012 ceutior
289 2964 410 3010 manus
424 2945 562 3011 multum
578 2947 760 3025 innovavit,
775 2947 941 3012 lectiones
953 2947 1084 3026 delevit,
1095 2948 1181 3014 alias
1195 2949 1245 3014 iu·

148 3047 311 3125 traduxit,
323 3067 433 3132 nequa
449 3067 470 3112 a
485 3049 654 3114 mutandis
667 3049 989 3133 interpunctionibus
1004 3049 1174 3116 abstinuit.

192 3147 281 3228 Qua
295 3151 454 3216 haetenus
480 3151 522 3215 de
544 3149 652 3216 lorma
669 3152 838 3218 literarum
857 3154 1027 3236 totiusque
1041 3151 1169 3218 codicis
1183 3173 1244 3218 ex-

148 3257 241 3316 terna
255 3250 299 3314 ad
315 3249 562 3336 dijudicandam
577 3251 650 3335 ejus
663 3253 893 3336 antiquitatem
908 3253 1089 3337 disputavi,
1108 3273 1154 3318 ex
1168 3275 1243 3339 spe

148 3352 272 3418 cimice
291 3353 493 3418 characteris
508 3355 542 3418 iu
557 3373 606 3420 aaa
626 3354 735 3420 inciso
749 3355 783 3419 in
800 3355 949 3420 mundo
963 3354 1063 3438 hujus
1082 3355 1242 3420 editionis

147 3458 254 3530 tomo,
268 3453 463 3538 propediem
483 3455 671 3538 proditura,
691 3456 832 3522 clariora
845 3455 923 3521 fient
937 3464 974 3521 et
988 3457 1127 3522 certiora
1138 3457 1242 3522 lecto·

146 3555 241 3620 ribus
257 3555 339 3620 artis
354 3555 580 3639 diplomaticae
590 3557 710 3639 guaris

187 3655 301 3721 Totus
315 3654 425 3720 codex
433 3656 579 3740 repletus
589 3661 640 3722 est
651 3657 791 3722 scholiis
806 3657 877 3722 sive
893 3658 1024 3741 glossis,
1040 3677 1119 3742 qum
1137 3658 1240 3742 scrip·

145 3763 189 3821 tae
205 3764 286 3821 sunt
311 3757 414 3822 literis
432 3757 590 3835 exilibus,
615 3758 712 3840 longe
737 3759 918 3824 maximam
944 3763 1085 3843 partem,
1099 3757 1166 3821 nisi
1185 3777 1239 3822 me

146 3857 261 3924 omnia
275 3855 405 3936 fallunt,
428 3858 563 3942 abipso
584 3857 716 3924 codicis
735 3857 855 3924 scriba
900 3855 995 3923 ldam
1010 3861 1062 3922 est
1075 3861 1240 3922 stramem

145 3967 227 4038 tum,
256 3960 373 4024 eadem
405 3959 649 4046 orthographia,
680 3961 796 4026 eadem
825 3959 1111 4026 abbreviatiouum
1141 3961 1239 4041 ratio,

146 4063 235 4128 idam
259 4062 430 4128 literarum
452 4062 583 4128 ductus.
626 4061 719 4143 Quin
738 4061 929 4127 membrana
953 4061 1032 4144 ipsa
1060 4061 1173 4127 statim
1196 4063 1239 4127 ab

145 4167 240 4232 initio
256 4165 302 4232 ad
317 4165 515 4252 capiendum
523 4173 623 4233 notas
635 4165 807 4232 destinata
820 4169 901 4230 erat.
944 4163 1035 4230 Nam
1048 4163 1083 4230 in
1096 4164 1239 4232 adverso
