2948 4890
252 400 296 466 84
479 413 661 465 nnureurs
686 413 831 464 narusu
855 413 1118 464 nrssenrtrro.

251 580 331 620 mum
346 559 463 618 culmen
479 578 514 618 ac
529 559 679 638 fastigium
701 566 804 620 erecta
827 558 892 630 tuit,
912 559 1046 638 ignorare
1067 557 1163 637 potuit
1180 553 1346 636 judicium

251 655 294 716 vir
308 665 418 728 tantus,
444 667 485 727 et,
505 654 586 734 quod
611 656 651 714 rei
672 665 762 734 caput
787 654 919 726 arbitror,
944 653 1134 734 principibus,
1151 654 1201 734 qui
1225 653 1302 714 inter
1316 673 1348 714 se

251 751 383 831 quotidie
398 751 435 810 de
456 750 492 810 iis
510 749 697 828 judicabant,
718 750 818 810 intime
832 749 982 809 familiaris
997 769 1032 810 ec
1047 750 1169 811 amicus.
1210 750 1347 830 Angusto

250 857 359 919 autem,
379 847 488 925 optimo
512 845 695 924 ingeniorum
715 845 821 924 judici,
840 857 899 904 tam
919 857 1021 924 gratus
1037 855 1126 926 atque
1139 856 1291 927 acceptus,
1314 857 1348 906 ut

250 961 310 1002 uon
324 962 389 1002 raro
403 942 602 1022 lepidissimus
616 943 774 1002 homuncio
794 943 830 1001 ab
844 962 880 1002 eo
894 941 1050 1015 diceretur,
1074 953 1105 1002 et
1117 959 1216 1023 quem,
1231 943 1256 1002 si
1271 941 1347 1002 anti-

250 1039 355 1118 quitati
368 1038 504 1097 habenda
517 1037 566 1097 hie
579 1037 662 1109 fides,
685 1039 773 1098 etiam
793 1036 901 1097 habere
916 1039 953 1098 ab
968 1037 1101 1118 epistolis
1122 1039 1245 1118 optarit.
1288 1038 1347 1108 Qui

250 1155 317 1195 cum
331 1145 434 1195 contra
448 1134 522 1194 tanti
536 1133 664 1194 Terentii
685 1133 787 1194 iecerit
811 1133 957 1206 Tabellas,
982 1143 1016 1194 ut
1038 1146 1070 1195 et
1093 1134 1224 1215 integras
1247 1153 1285 1194 ex
1309 1133 1346 1194 ils

249 1234 341 1310 piraeo
355 1231 553 1310 descripserit,
574 1241 604 1289 et
618 1230 726 1309 ubique
741 1229 953 1301 accommodet,
975 1231 1030 1292 soli
1048 1229 1176 1311 deniqne
1190 1239 1282 1291 anem
1296 1231 1347 1290 tri·

248 1327 340 1395 buat;
362 1327 488 1387 hominis
503 1325 639 1388 alodios:
655 1327 750 1404 potius
765 1346 853 1406 qnam
868 1325 975 1386 eruditi
988 1336 1078 1400 esset,
1102 1327 1144 1388 ita
1157 1325 1347 1388 dissentires

249 1419 334 1482 tenio
348 1423 420 1493 viro,
444 1431 478 1480 ut
503 1442 540 1482 ne
564 1441 684 1498 causam
707 1421 789 1500 prius
803 1421 1041 1501 cognoscendam
1061 1422 1204 1485 crederet.
1245 1421 1346 1491 Quare

249 1519 399 1578 rideamus
414 1518 528 1590 saltem,
549 1516 620 1596 qnid
643 1515 737 1577 afferri
758 1535 812 1596 pro
826 1527 950 1597 utroque
965 1519 1068 1598 possit
1111 1519 1158 1578 Ns
1171 1518 1219 1578 sel
1244 1517 1346 1579 Flacci

244 1613 389 1693 judicium
412 1613 441 1672 in
467 1623 627 1693 posterum,
652 1622 686 1672 ut
709 1615 815 1684 solent,
840 1623 892 1674 aut
914 1615 1083 1674 Terentium
1107 1613 1345 1674 secureniminm

249 1710 389 1769 damnare
403 1709 522 1790 quidam
542 1721 668 1789 pergant
682 1709 710 1768 in
727 1709 889 1768 Comoedia.
926 1710 1034 1769 Omnia
1048 1719 1146 1770 autem
1160 1729 1213 1790 pro
1229 1707 1346 1769 Horatii

244 1805 366 1886 jndicio,
388 1807 439 1884 qui
454 1805 592 1866 Plautum
608 1807 650 1865 sic
666 1823 799 1864 amamus
813 1815 847 1864 ut
860 1825 876 1865 e
891 1806 1027 1865 manibus
1041 1806 1188 1866 rarissime
1206 1813 1344 1884 putemus

249 1901 469 1979 deponendum,
494 1902 629 1960 dicentur
652 1900 750 1979 potius
769 1920 858 1978 quam
872 1911 983 1961 nostru.
1026 1901 1071 1960 Ao
1085 1900 1123 1962 de
1137 1899 1265 1960 numeris
1280 1900 1346 1980 qui-

248 1995 315 2056 dem
332 1998 475 2056 nonnulla
490 1999 645 2056 Donatus:
660 2017 718 2076 qua
733 1998 819 2057 etium
835 1999 864 2058 in
878 2005 960 2077 parte
974 1997 1055 2056 haud
1070 2015 1173 2076 parum
1184 1996 1344 2056 Veteribus

249 2090 399 2150 nonnullis
419 2092 535 2170 placuit
557 2091 721 2152 Terentius.
765 2091 873 2152 Rufino
899 2091 1019 2172 quidem
1044 2093 1255 2166 Grammatico,
1275 2109 1344 2152 cum

248 2188 360 2267 inquit:

370 2301 500 2380 Agnovit
513 2315 648 2374 metrum,
662 2311 818 2381 seruatque
833 2299 986 2361 Terentius
1002 2309 1112 2362 artem:

368 2395 445 2455 Nam
461 2397 599 2476 prologos
614 2399 742 2457 trimetro
757 2395 861 2456 didicit
875 2415 1050 2476 componere
1063 2415 1161 2468 versu,

367 2494 585 2570 Scenarumque
599 2503 682 2551 actus
693 2492 802 2572 primos
817 2491 893 2571 pede
908 2491 1021 2552 claudit
1035 2491 1149 2552 eodem.

247 2620 424 2700 Quanquam
439 2631 517 2681 certe
532 2621 640 2680 Fabius
656 2639 714 2679 uon
730 2621 847 2680 stetisse
862 2621 940 2678 intra
952 2621 1097 2680 trimetros
1113 2617 1258 2698 deplorat.
1296 2621 1343 2682 De

246 2737 306 2797 quo
321 2717 394 2776 t'orte
409 2716 482 2776 alias
498 2715 603 2775 dicturi
624 2735 737 2774 sumus.
778 2715 826 2772 Ad
850 2714 973 2772 alterum
995 2714 1166 2793 priusquam
1180 2714 1342 2792 veniamus,

245 2813 383 2892 quaedam
395 2810 600 2892 praemittenda
614 2821 708 2870 erunt.
737 2812 814 2870 Cum
828 2811 940 2870 eaedem
953 2809 1115 2871 Comoedias
1130 2807 1343 2890 propemodum

245 2911 305 2970 sint
318 2919 416 2988 partes
431 2929 466 2968 ac
479 2907 654 2986 Tragoedia,
676 2907 743 2964 finis
765 2925 884 2986 quoque
898 2926 934 2965 ex
949 2917 1032 2986 parte
1047 2905 1135 2978 idern,
1149 2925 1185 2967 ex
1199 2919 1283 2986 parte
1297 2907 1342 2968 di-

244 3025 357 3074 rersus,
371 3003 465 3064 multa
477 3023 543 3064 esse
556 3002 671 3080 utrique
685 2999 852 3061 communia
866 3021 989 3062 necesse
1003 3011 1059 3061 est.
1089 2999 1245 3062 Delectata
1262 3003 1340 3062 enim

245 3123 280 3162 ae
294 3102 400 3161 docere
414 3109 460 3159 est
475 3097 652 3158 Comoedioe:
675 3115 770 3176 neque
784 3097 881 3158 minus
893 3095 1007 3158 Comici
1022 3095 1187 3156 διδάσκαλοι
1201 3107 1232 3156 et
1245 3121 1340 3179 ropp-

245 3197 420 3268 brbdrralor,
441 3215 529 3274 quam
544 3193 672 3272 Tragici,
686 3213 704 3252 a
718 3194 832 3254 Groecis
848 3193 996 3254 dicuutur.
1039 3193 1104 3252 Nec
1117 3211 1233 3253 morere
1248 3194 1341 3254 risum

245 3313 317 3354 sane
340 3293 493 3353 coustituit
515 3289 709 3361 Comoediam,
734 3290 788 3350 sed
810 3290 903 3369 plebis
929 3288 1088 3368 aucupium
1109 3297 1157 3348 est
1170 3299 1201 3348 et
1215 3290 1340 3350 abusus.

246 3391 322 3450 Nam
336 3387 501 3460 ridiculum,
514 3397 548 3446 ut
561 3398 641 3446 recte
655 3386 840 3455 Aristoteles,
855 3385 975 3446 ‘vitium
987 3395 1034 3445 est
1048 3381 1217 3457 etsesdune,
1230 3383 1342 3445 doloris

244 3504 366 3564 expers:
389 3503 456 3562 quae
475 3493 587 3564 partem
601 3482 631 3540 in
646 3482 764 3542 homine
778 3481 906 3560 aliquam
920 3481 1078 3561 corrumpit
1092 3480 1204 3558 absque
1217 3480 1342 3540 morbo!

245 3582 328 3640 Sicut
341 3579 420 3639 loeda
433 3591 464 3640 et
477 3578 593 3638 detorta
607 3578 708 3652 iacies,
734 3578 758 3637 si
784 3577 866 3637 nullo
890 3597 957 3637 cnm
973 3577 1075 3638 dolore
1088 3576 1146 3636 hoc
1159 3577 1223 3646 fiat,
1247 3576 1339 3635 risum

244 3687 350 3738 movet.
393 3673 479 3734 Unde
493 3675 588 3754 ipsum
602 3693 720 3752 quoque
734 3673 823 3732 risum
848 3693 950 3734 omnes
975 3673 1035 3734 fere
1051 3671 1247 3752 antiquissimi
1268 3671 1340 3730 Phi·

242 3771 357 3851 losophi
383 3768 538 3848 indignum
561 3770 695 3848 sapiente
715 3767 896 3847 judicarunt.
939 3767 1023 3828 Adeo
1037 3778 1070 3828 ut
1084 3766 1182 3839 Plato,
1196 3776 1340 3846 tanquam

242 3867 428 3945 sacrilegum,
452 3864 606 3924 traducere
622 3885 680 3924 non
695 3863 810 3924 dubitet
825 3865 996 3937 Homerum,
1018 3864 1070 3944 qui
1095 3863 1224 3924 ridentes
1248 3864 1341 3924 intro·

243 3963 326 4021 duxit
349 3962 429 4022 Deos
444 3981 451 4020 :
473 3961 554 4039 quod
578 3963 607 4019 in
633 3961 751 4022 homine
766 3983 826 4022 nott
840 3979 886 4036 τῆς
899 3966 969 4021 κατὰ
983 3965 1082 4036 λόγον,
1107 3977 1208 4020 verum
1222 3974 1269 4032 τῆς
1283 3963 1342 4020 κατ’

242 4063 384 4128 αἴσθησιν,
405 4056 653 4135 quemadmodum
669 4057 843 4138 Philosophi
864 4059 1036 4136 loquuntur,
1061 4053 1212 4114 διαθέσεως
1226 4055 1266 4114 sit
1279 4056 1341 4135 sig·

242 4173 333 4218 uum;
356 4173 374 4212 a
397 4173 456 4231 qua
471 4152 558 4230 longe
574 4153 658 4210 abest
674 4151 776 4214 Deus:
800 4159 868 4224 oiri)
884 4159 900 4224 ἡ
913 4159 996 4213 οὐσία
1011 4155 1110 4226 λόγον,
1135 4155 1179 4210 rui
1195 4153 1337 4211 adriacos.

244 4249 329 4307 Unde
346 4247 488 4326 Thespia:
