3012 4892
271 381 316 464 62
689 397 737 444 nn
760 387 951 443 canarno.

271 541 382 601 tinctae.
425 538 542 619 Quippe
557 538 687 610 Servius,
701 537 863 596 Varronem
881 543 1013 609 secutur,
1036 534 1112 596 duaa
1125 535 1251 614 impares
1266 554 1367 597 carer-

272 655 327 695 naa
341 633 545 714 hujuscemodi
560 635 636 694 tibiia
658 633 749 694 iniere
763 641 898 705 tactatur,
913 651 948 692 ac
958 630 1103 692 foramina
1115 631 1249 692 totidem.
1283 631 1369 694 Unda

273 730 413 809 Virgilius
427 749 527 790 aarum
540 730 663 790 biforem
678 739 798 788 cantum
821 727 962 809 appellat,
986 737 1141 808 propterea
1159 727 1242 804 quod
1262 745 1368 805 graver

272 837 303 887 et
326 836 429 886 acutas
454 825 620 884 amitterent
643 843 695 902 pro
720 823 847 884 tibicinia
871 822 991 882 arbitrio
1012 822 1222 882 roculationea.
1257 822 1368 884 Alterm

274 931 345 982 anat
358 923 502 993 Serrana,
516 919 559 980 ric
584 921 731 998 (arbitror)
751 917 919 998 appellate,
943 917 1084 998 quoniam
1107 918 1144 978 iio
1166 917 1325 980 saltatores
1339 932 1371 982 ct

273 1016 402 1096 proferre
426 1027 457 1076 et
477 1016 583 1076 relcrre
606 1014 712 1095 pedem
736 1014 878 1076 continno
898 1015 1082 1094 juberentur,
1095 1033 1156 1074 uon
1170 1033 1257 1074 accur
1279 1025 1370 1093 atque

275 1123 416 1184 rectores,
431 1111 481 1190 qui
496 1130 576 1171 nerra
590 1110 698 1170 adacta
710 1111 811 1189 partiri
825 1110 908 1190 ligna
920 1120 1074 1170 conantur.
1116 1109 1268 1190 Siquidem
1280 1109 1370 1169 Pom·

274 1209 357 1287 peius
378 1208 420 1267 ait
433 1225 540 1268 serram
556 1205 586 1265 id
600 1204 732 1287 praelium
748 1205 806 1266 dici
820 1226 880 1286 quo
893 1206 1059 1284 frequenter
1072 1205 1150 1266 aciae
1173 1214 1204 1265 et
1228 1204 1370 1266 accedere

275 1314 306 1362 et
318 1302 455 1364 recedere
470 1302 588 1378 soleret.
631 1302 688 1362 lire
703 1310 915 1381 temperarant
929 1302 1066 1375 sinistrae,
1091 1319 1247 1381 paretque,
1268 1301 1299 1360 id
1314 1313 1372 1373 ert,

275 1401 405 1478 mqualea
419 1399 572 1460 cavernis:
601 1398 781 1478 proindeque
804 1417 904 1478 parem
919 1407 1105 1469 concentum,
1119 1403 1239 1456 acutum
1257 1395 1371 1456 scilicet

276 1493 456 1564 emittebant,
471 1491 718 1572 quemadmodum
737 1493 856 1554 Semina
879 1493 960 1552 haud
980 1492 1117 1572 perplexe
1138 1489 1280 1571 acriptum
1302 1491 1371 1550 reli·

276 1589 350 1669 quit.
391 1587 600 1648 Verumtamen
617 1587 777 1648 Diomeden
797 1588 885 1648 tibiae
899 1607 985 1668 parer
1000 1599 1031 1646 et
1045 1587 1170 1664 impares
1183 1583 1301 1646 videtur
1315 1604 1372 1642 nne

275 1703 356 1744 mero
370 1683 508 1744 delinire:
529 1684 609 1763 qnod
624 1683 762 1764 equidem
784 1705 844 1744 uon
858 1684 944 1743 rideo
958 1703 1011 1743 cnr
1035 1681 1131 1762 posuit
1145 1679 1278 1740 admitti:
1301 1698 1371 1739 nam

276 1798 329 1858 par
350 1789 381 1838 et
400 1780 492 1859 impar
514 1780 656 1858 qualitate
678 1780 737 1840 sere
753 1799 866 1859 semper
881 1779 1022 1859 accipitur
1037 1797 1055 1838 a
1069 1776 1192 1837 Latinio.
1225 1773 1370 1852 Exemplo

277 1874 387 1935 sithoc
401 1874 598 1936 Ovidiauum:

597 2019 655 2079 Par
669 2031 731 2079 erat
744 2019 860 2082 inferior
874 2040 986 2083 verena.

278 2115 317 2175 Et
329 2113 401 2175 illud
415 2115 604 2196 Virgiliauum
617 2136 625 2176 :

597 2211 769 2274 Formosum
784 2215 903 2294 paribus
917 2213 1014 2276 nodis.

279 2307 323 2366 Ac
337 2305 431 2366 illud:

596 2401 693 2481 Impar
705 2420 882 2481 congressus
897 2401 1017 2464 Achilli.

280 2543 341 2606 Sed
353 2560 413 2622 quc
427 2539 545 2602 taudem
562 2561 626 2604 rum
651 2543 797 2605 incuriose
819 2545 993 2624 digressus?
1016 2547 1119 2628 Egone
1140 2557 1175 2608 ut
1194 2565 1304 2629 magna
1317 2569 1372 2610 uo·

278 2642 358 2700 mina
371 2637 562 2717 sugillareml
594 2638 728 2713 Minime,
751 2641 776 2700 ri
790 2661 888 2702 rnenm
902 2641 972 2702 mihi
987 2643 1057 2703 vitm
1077 2645 1242 2704 iurtitntnm
1256 2639 1372 2725 perina-

278 2735 369 2794 nebit.
411 2733 558 2801 Quocirca
571 2753 609 2794 ne
623 2736 710 2795 nobis
727 2736 838 2816 aliquid
854 2737 1008 2816 Eupolidis
1020 2739 1179 2800 infortunio
1193 2741 1286 2802 rimile
1299 2761 1372 2802 con-

278 2830 385 2908 tingat,
397 2830 528 2909 perlecto
537 2830 600 2910 jam
613 2832 694 2910 operi
705 2832 921 2913 paragraphum
935 2834 1029 2915 rtylua
1042 2835 1182 2897 obducat.

280 3215 336 3275 DE
365 3215 628 3291 FABULARUM,
660 3217 876 3292 LUDORUM,
904 3219 1202 3294 THEATRORUM,
1224 3223 1372 3284 SCENA·

313 3313 414 3386 RUM,
434 3314 488 3373 Ac
509 3313 779 3374 SCENICORUM
800 3315 985 3384 ANTIQUA
1005 3316 1338 3391 CONSUETUDlNE,

721 3411 929 3481 LIBELLUsr

283 3533 331 3593 Ec
344 3534 464 3613 optimis
477 3536 647 3597 unctoribus
661 3537 807 3609 collectae,
821 3537 862 3598 od
879 3537 1140 3618 Comicorsocilr'rrr
1152 3541 1373 3623 intelligendos,

375 3633 528 3711 praecipue
542 3633 724 3712 comoriptur
738 3634 771 3693 in
783 3635 916 3713 gratiam
930 3633 1077 3698 Studiorae
1089 3637 1271 3700 Juoertrrtr'r.

281 3773 455 3841 Nunquam
475 3773 702 3838 existimandum
721 3788 769 3840 eat
786 3781 925 3860 cuiquam
945 3782 1070 3861 posthac
1089 3783 1259 3846 familiarem
1282 3786 1372 3847 Plan·

280 3883 343 3930 turn
357 3879 409 3931 ant
428 3873 596 3934 Terentium
617 3874 764 3944 futurumr
795 3895 955 3957 eorumque
975 3879 1107 3940 intimum
1128 3882 1375 3956 artificium,.ora·

280 3966 369 4026 tionis
397 3967 607 4043 characterem,
637 3981 726 4051 atqua
752 3982 946 4046 venustatem,
967 3973 1081 4054 aliaque
1108 3975 1139 4036 id
1168 3997 1273 4056 genna
1287 3980 1375 4060 plura

281 4079 449 4142 quenquam
462 4063 550 4143 plane
574 4077 786 4139 assecuturum,
807 4067 865 4127 uiri
883 4068 1025 4129 comicam
1045 4089 1162 4132 omnem
1187 4073 1373 4154 dignitatem,

282 4173 402 4234 rnorem,
423 4169 454 4221 at
475 4160 583 4240 agendi
596 4163 850 4240 consuetudinem,
871 4184 939 4246 quaa
961 4166 999 4228 ab
1014 4167 1142 4248 antiquie
1156 4168 1187 4228 in
1202 4170 1322 4230 Fabulla
1337 4189 1373 4232 ac
