2948 4890
254 364 319 434 124
558 383 607 431 nx
633 381 781 433 ursano
806 381 1074 432 nonenoeane.

254 525 358 607 plexus
373 535 419 586 ert
432 524 490 584 ita:
511 524 605 601 Plysss
619 527 703 586 strat
720 529 766 586 rol
790 526 964 607 Ἀρχῖλοχοι
977 524 1081 602 Πάριοι
1104 530 1173 586 rard
1186 525 1236 586 rtis·
1256 527 1344 586 airds'

255 626 359 704 χρόνον
372 627 495 697 γεγονὼι
507 624 666 700 ὑπόμνησιν
681 619 774 701 ldpllp
787 626 927 701 τριμέτρῳ.
969 619 1106 680 Meminit
1127 631 1224 680 eutem
1239 639 1336 681 versus

255 719 319 797 ejus
334 716 513 790 Herodotus,
534 736 619 796 quem
640 717 779 798 applicui,
796 715 843 776 'tt
857 725 927 794 μήτε
950 715 1042 793 Γίγιν
1060 718 1239 798 πολυχρῦοον
1250 723 1337 796 μέλει.

256 813 294 872 Ει
306 811 449 873 hactenus
465 813 502 873 de
510 813 683 874 catalectico
697 815 826 874 trimetro
835 813 957 875 dictum.
998 815 1043 872 De
1052 823 1212 873 octometro
1223 813 1337 873 Boisc'io
1463 811 1464 888 i

255 907 333 968 idem
344 909 386 970 sic
397 908 485 968 dixit:
494 909 695 970 Octometmm
703 911 906 972 catalecticum
918 909 997 990 quod
1007 909 1171 990 appellatur
1182 909 1337 972 Boiscium.

255 1005 380 1078 Bolsror,
394 1009 409 1066 d
423 1008 479 1067 ἀπὸ
494 1007 628 1079 Rvereor,
647 1007 751 1067 παντὸς
765 1007 885 1088 γραφεὺς
903 1015 1063 1086 ποιήματος,
1085 1007 1135 1066 rdr
1148 1007 1284 1066 ὀιτάποιιν
1294 1007 1337 1064 si·

253 1105 310 1176 pus
325 1109 424 1184 στίχον
437 1101 530 1185 Φοίβῳ
544 1107 636 1176 τίθησι
649 1102 747 1182 δῦρον.

337 1229 461 1290 Boiscus
475 1232 530 1290 iste
546 1231 654 1311 Cyzico
667 1231 735 1289 novi
748 1241 879 1310 repertor
889 1228 1025 1289 carminis
1038 1248 1045 1288 :

334 1327 412 1386 Nam
427 1326 535 1407 primus
550 1345 666 1388 versum
680 1339 819 1387 octonum
833 1325 940 1407 pedum
952 1325 1017 1386 Deo
1031 1324 1189 1386 dicaverat.

201 1479 203 1482 ·
255 1455 418 1514 Firmianus
432 1455 468 1515 ad
482 1455 609 1516 Probum
620 1454 659 1514 de
672 1455 771 1516 metris
783 1453 999 1515 Comoediamm
1014 1453 1056 1513 sic
1069 1453 1159 1514 dicit:
1174 1453 1251 1512 Nam
1260 1452 1338 1533 quod

156 1627 160 1632 Ι
252 1551 291 1611 de
300 1550 619 1612 metrisComoediarum
628 1549 885 1631 requiristi,etego
893 1551 955 1610 scio
964 1547 1105 1629 plurimos
1113 1549 1337 1611 existimareTe·

254 1653 402 1708 rentianas
412 1647 458 1708 vel
466 1647 589 1708 maxime
597 1647 712 1708 fabulas
722 1657 846 1708 metrum
856 1665 915 1706 uon
925 1645 1032 1705 hahere
1043 1643 1203 1704 Comoedioe
1215 1642 1338 1716 Graece,

253 1743 274 1803 i.
290 1743 456 1817 Menandri,
479 1741 670 1816 Philemonis,
686 1743 807 1823 Diphili,
821 1743 873 1822 qui
886 1741 1022 1814 trimetris
1043 1741 1175 1802 versibus
1192 1750 1338 1800 constant.

255 1839 354 1898 Nostri
379 1839 455 1898 enim
477 1838 599 1898 Veteres
612 1839 774 1900 Comoedim
798 1839 953 1917 scriptores
975 1837 1004 1896 iu
1024 1836 1212 1896 modulandis
1233 1835 1339 1896 sabulis

254 1935 337 2012 sequi
350 1933 518 1993 maluerunt
540 1933 687 2014 Eupolim,
701 1934 865 2006 Cratinum,
886 1933 1124 2013 Aristophanem,
1137 1943 1171 1992 ut
1184 1933 1339 2012 prefatum

253 2040 309 2096 est.
338 2029 509 2089 Mensarum
523 2048 588 2088 esse
603 2029 633 2088 in
648 2028 765 2102 labulis,
778 2029 836 2090 hoc
847 2038 893 2088 est
904 2035 1016 2110 μέτρον,
1032 2028 1172 2100 Terentii,
1185 2039 1217 2088 et
1229 2027 1339 2100 Plauti,

165 2176 171 2188 .
252 2145 288 2185 ac
302 2137 464 2185 ceterorum
478 2125 654 2186 comicomm
665 2135 696 2186 et
705 2118 882 2206 tragicomm
896 2126 997 2186 dicant
1009 2125 1057 2186 hi:
1073 2124 1187 2198 Cicero,
1199 2125 1338 2197 Scaurus,

253 2221 428 2292 Firmianus,
443 2219 546 2294 Varro,
560 2221 742 2297 Victorinus,
756 2223 872 2284 Coesius
891 2223 1013 2294 Bassus,
1027 2221 1231 2292 Terentianus,
1245 2219 1338 2280 Caeci·

251 2315 308 2375 lius
330 2316 457 2388 Vindex,
487 2315 622 2390 Sisenna,
648 2318 755 2390 Cinna,
781 2317 953 2389 Diomedes,
977 2316 1114 2390 Albinus,
1128 2315 1339 2387 Quintilianus,

252 2411 401 2492 Sosipater
422 2411 585 2483 Charisius,
607 2411 752 2486 Helenus,
776 2415 882 2492 Asper,
914 2411 1031 2472 Flavius
1054 2414 1160 2493 Caper,
1187 2411 1338 2482 Aruutius,

252 2505 376 2580 Probus,
389 2506 501 2566 Plinius
516 2505 689 2582 Euanthius,
705 2507 849 2569 Sacerdos
863 2508 913 2588 qui
927 2519 957 2568 ct
972 2509 1128 2582 Domatus,
1142 2509 1230 2568 luha.

332 2649 406 2709 Haec
421 2669 478 2728 ego
492 2649 617 2710 Rufinus
631 2649 739 2731 collegi
752 2663 850 2712 mente
863 2652 1004 2731 benigna,

371 2744 591 2824 Discipulisque
606 2745 674 2806 dedi
688 2765 809 2807 munera
821 2747 945 2828 pulchra
958 2747 1065 2808 libens.

421 3017 521 3084 DES.
548 3015 772 3084 ERASMUS
801 3016 1167 3085 ROTERODAMUS

665 3136 721 3186 uu
744 3137 922 3188 uernis.

249 3279 373 3338 Courcr
390 3277 484 3336 Latini
498 3277 619 3336 multam
634 3276 796 3337 libertatem
811 3278 866 3338 sibi
881 3288 1060 3357 usurparunt
1073 3278 1103 3336 iu
1117 3277 1261 3353 versibus,
1283 3277 1337 3344 ssd

249 3373 336 3432 namo
349 3372 459 3452 largius
472 3371 624 3432 Terentio:
646 3371 721 3431 adeo
744 3381 777 3432 ut
798 3371 877 3453 apud
898 3373 1010 3452 priscos
1028 3392 1145 3454 quoque
1166 3372 1274 3432 luerint
1287 3375 1337 3454 qui

243 3467 421 3548 judicarent,
444 3467 473 3526 in
496 3466 583 3546 hujus
600 3467 717 3528 Fabulis
732 3468 843 3529 nullam
857 3489 923 3530 esse
945 3469 1105 3529 carminum
1128 3469 1234 3548 legem.
1275 3467 1337 3530 Sed

247 3563 377 3624 hoslalli
396 3564 580 3625 manifestum
599 3575 654 3627 est.
697 3567 810 3626 Rursus
830 3565 949 3626 luerunt
970 3566 1021 3644 qui
1041 3585 1101 3626 non
1123 3577 1278 3644 negarunt,
1298 3565 1336 3626 ab

246 3662 304 3722 hoc
324 3661 431 3722 serrari
454 3671 609 3722 metromm
632 3661 725 3740 leges,
746 3660 799 3720 sed
821 3662 859 3721 ob
884 3659 1068 3722 immodicam
1089 3659 1254 3720 libertatem
1275 3679 1336 3720 non

246 3777 313 3820 esse
327 3776 424 3839 operm
438 3758 561 3837 pretium
579 3757 707 3835 torqueri
729 3755 834 3818 doctos
857 3757 1017 3818 carminum
1040 3755 1233 3830 dimensione,
1254 3757 1336 3836 quod

247 3867 278 3916 et
291 3873 337 3915 res
352 3853 391 3913 sit
403 3853 537 3914 immensi
559 3853 678 3926 laboris,
699 3873 754 3913 nec
767 3855 809 3920 ita
823 3855 945 3914 multum
960 3852 1067 3912 inierat
1079 3852 1183 3930 frugis.
1224 3853 1265 3912 At
1278 3872 1335 3932 ego

247 3951 284 4010 ab
302 3960 427 4027 utroque
449 3968 555 4027 genere
576 3948 737 4009 dissentio:
759 3969 837 4021 nam,
860 3961 894 4009 ut
916 3947 1097 4008 manifestius
1121 3956 1178 4020 est,
1200 3967 1288 4026 quam
1302 3957 1337 4009 ut

246 4055 333 4122 egeat
357 4043 539 4123 probatione,
563 4043 691 4104 Terentii
705 4043 873 4130 Comoedias
889 4043 1020 4104 versibus
1034 4053 1187 4106 constme:
1209 4043 1261 4116 ita,
1284 4044 1335 4124 qui

246 4137 452 4218 negligendam
473 4147 613 4218 putarunt
626 4149 781 4204 metrorum
796 4139 948 4219 rationem,
969 4139 1137 4220 frequenter
1156 4137 1257 4202 roem
1271 4157 1334 4226 ser·¹
