3012 4892
527 399 709 450 rannurrr
735 399 836 451 vrnn.
1179 389 1224 458 33

212 549 259 608 Ob
271 546 372 606 dorem
386 539 483 602 ontis
497 560 580 600 aare:
599 541 682 621 iprur
698 541 924 604 rublatirrebur
939 543 978 603 ad
993 551 1155 606 rummam⁵

210 645 341 723 Inopiam
353 637 491 700 redactur
505 649 562 698 eet.

208 739 311 817 ltaque
324 757 341 796 e
354 745 516 816 conspectu
529 734 657 796 omnium
672 733 744 796 abiit
767 735 797 792 in
812 732 985 810 Graeciam,⁶
1004 736 1035 795 in
1054 749 1159 800 terram
1174 739 1219 798 ul-

287 833 399 892 tiaram.

209 929 345 990 Mortuus
359 937 406 988 ert
417 927 448 984 in
462 925 645 1006 Stymphalo,
659 925 796 986 Arcadia
810 928 940 1008 oppido:
962 929 1034 988 nihil
1049 930 1170 990 Publius

207 1023 305 1102 Scipio
318 1021 436 1102 proluit,
450 1021 523 1080 nihil
535 1017 584 1080 oi⁷
598 1020 718 1093 haliae,
732 1022 805 1082 nihil
820 1023 945 1090 Furiue;

205 1119 276 1178 Tres
291 1137 342 1194 per
355 1115 432 1176 idem
446 1126 561 1194 tempus
576 1115 627 1194 qui
642 1115 794 1194 agitabant
808 1118 921 1178 nobiles
937 1119 1085 1180 facillime.

205 1215 315 1273 Eorum
328 1211 377 1272 ille
391 1231 481 1290 opera
492 1232 530 1270 ne
542 1209 661 1270 domum
675 1213 795 1290 quidem
810 1213 913 1274 habuit
926 1215 1138 1276 conductitiam
1152 1238 1159 1276 :

204 1311 317 1370 Saltem
332 1317 366 1366 ut
379 1318 468 1380 earet,
483 1326 542 1387 quo
555 1307 677 1368 referret
691 1309 803 1369 obitum
817 1307 927 1370 domini
941 1312 1084 1372 servulus.

128 1446 248 1525 Scripsit
271 1442 440 1504 Comoediae
464 1463 535 1507 nex:
556 1462 592 1503 ex
613 1443 719 1523 quibus
743 1446 866 1524 primam
883 1445 1024 1508 Andriam
1041 1467 1108 1508 cum
1125 1449 1218 1510 oedili-

127 1545 180 1602 bue
194 1541 288 1613 daret,
304 1540 409 1620 jusano
431 1551 499 1600 ante
518 1539 637 1599 Caerin'
663 1539 796 1601 recitare.
838 1541 886 1600 Ad
908 1553 1073 1604 coenantem
1087 1563 1154 1604 cum
1169 1565 1217 1604 ve-

127 1639 224 1710 nirset,
245 1636 415 1708 dictarent,
435 1635 551 1696 initium
566 1635 686 1714 quidem
703 1635 838 1708 Fabula,
858 1637 939 1716 quod
953 1650 1016 1698 erat
1028 1641 1219 1700 contemtiore

18 1781 22 1796 .
126 1731 403 1805 reclamatum
425 1731 512 1808 juxta
535 1730 676 1790 lectulum
704 1731 836 1790 residens
864 1732 993 1811 legione:
1014 1745 1083 1812 post
1106 1755 1218 1813 paucos

126 1849 190 1890 vero
202 1847 307 1888 verena
320 1827 472 1898 inritatur,
487 1837 520 1886 ut
534 1828 730 1900 accumberet,
748 1845 882 1887 coenante
897 1847 977 1896 una;
1000 1827 1106 1888 deiude
1120 1840 1220 1890 cetera

125 1924 311 2004 percurrisse,
331 1942 391 1982 uon
406 1923 469 1982 aine
484 1942 593 2002 magna
607 1923 694 1982 Coerii
709 1923 913 1986 admiratione.
955 1925 994 1982 Et
1017 1923 1094 1984 hanc
1109 1937 1218 1998 autem,

124 2031 152 2080 ct
162 2021 291 2098 quinque
305 2017 433 2098 reliquas
444 2018 597 2097 aequaliter
611 2019 720 2100 populo
735 2021 887 2098 probarim
901 2020 1034 2100 quamvis
1046 2021 1218 2082 Volcatiue⁹

124 2115 159 2174 de
172 2113 393 2174 enumeratione
407 2113 538 2174 omnium
560 2115 602 2174 ita
624 2116 753 2176 scribat:
774 2123 783 2150 ⁴
798 2117 936 2177 Sumatur
951 2116 1068 2196 Hecyra
1083 2128 1166 2182 certa
1179 2137 1216 2176 err

125 2210 166 2270 hia
181 2209 317 2270 habola.¹

161 2305 322 2366 Eunuchus
336 2303 456 2384 quidem
471 2305 518 2363 hir
531 2303 578 2364 die
593 2315 661 2364 acta
674 2316 737 2374 eat:
750 2307 914 2384 meruitque
927 2307 1063 2386 pretium,
1074 2315 1217 2386 quantum

124 2401 200 2461 nulla
221 2411 313 2461 antea
326 2399 508 2479 cujusquam
530 2398 695 2473 Comoedia,
722 2399 753 2459 id
778 2411 835 2473 eat,
859 2411 928 2461 octo
942 2400 1034 2460 millia
1047 2419 1216 2469 nummum;

123 2505 273 2575 propterea
297 2514 411 2554 summa
440 2513 557 2574 quoque
581 2494 668 2554 titulo
694 2495 858 2555 ascribitur.
911 2496 988 2556 Nam
1014 2497 1216 2576 Adelphorum

122 2591 290 2670 principium
305 2587 399 2648 Varro
413 2589 500 2648 etiam
514 2589 632 2668 praelert
644 2589 788 2669 principio
803 2587 971 2650 Menandri.
1008 2591 1076 2650 Non
1090 2591 1216 2651 obrcura

123 2685 196 2746 lama
208 2695 266 2757 eat,
288 2685 421 2764 adjutum
432 2683 603 2745 Terentium
618 2685 648 2743 iu
663 2686 779 2766 scriptia
795 2705 813 2744 a
827 2683 917 2746 Laelio
932 2695 963 2745 et
980 2686 1127 2766 Scipione,
1151 2687 1216 2763 qui-

122 2781 239 2840 boscum
254 2779 433 2839 familiariter
448 2779 529 2840 vixit.
572 2777 704 2838 Eandem
730 2780 793 2858 ipse
818 2780 909 2840 auxit.
951 2779 1110 2858 Nunquam
1127 2780 1214 2850 enim,

123 2875 174 2936 niei
188 2877 303 2947 leviter,
324 2896 356 2934 ae
371 2874 460 2934 tutari
474 2884 608 2945 conatur,
623 2884 656 2934 ut
670 2875 699 2934 in
714 2873 843 2952 Prologo
858 2873 1076 2951 Adelphorum:

237 3020 327 3092 Nam,
340 3018 422 3098 quod
436 3019 484 3079 ieti
496 3019 600 3080 dicunt
612 3017 760 3090 malevoli,
775 3016 909 3078 hominen
925 3017 1038 3078 nobiles

235 3116 328 3174 Hunc
341 3113 484 3194 adjutare,
498 3115 676 3196 arridueque
690 3134 750 3176 una
764 3115 910 3176 rcribere:

148 3291 259 3357 εοῌ.
275 3291 328 3356 ta]
351 3290 429 3341 Hunc
449 3296 477 3338 et
495 3293 647 3354 aequantem
687 3289 801 3339 Gracia.
819 3289 893 3342 Both.
926 3291 978 3343 Qol
998 3290 1095 3342 omittit
1112 3291 1138 3340 tn
1153 3297 1214 3342 ante

120 3382 219 3418 verrom
236 3367 320 3418 Wart.
339 3365 406 3416 duce
422 3363 647 3426 Palmalachum
687 3365 852 3416 ‘Graeciam'

119 3441 416 3494 mauretumeditnie:
435 3441 473 3490 ot
483 3441 572 3504 fimat
589 3443 647 3488 arr-
717 3439 798 3503 rat]
823 3441 910 3504 Vulgo
927 3439 1038 3506 ἀμάραι.
1056 3441 1131 3492 Both.
1164 3441 1216 3494 Qui

120 3515 647 3580 taureduno-ammarum
685 3511 784 3563 datelr'.

118 3599 159 3646 ed.
173 3595 258 3646 Zona
292 3593 371 3657 vulg.
398 3593 464 3643 Dran
480 3606 505 3641 rr
522 3591 600 3640 merl
615 3589 645 3638 oh
717 3591 733 3637 8
751 3587 842 3652 Coerr'o]
858 3589 938 3641 Wert.
951 3597 1024 3642 recte
1035 3589 1120 3641 edidit
1138 3592 1214 3642 Ceri·

118 3670 279 3722 lr'rorereditr
295 3669 364 3735 qood
381 3669 456 3722 futile
473 3670 646 3734 gloaremare·
684 3663 728 3726 tto,
744 3671 772 3714 ut
784 3665 861 3729 paulo
872 3675 933 3730 port
944 3667 1044 3719 mitit.
1060 3668 1143 3718 zeon.

119 3747 258 3811 quantiam.
274 3745 349 3795 Both.
381 3745 434 3798 Qui
452 3745 498 3796 hot
518 3751 571 3794 tter
593 3757 645 3793 rm.
716 3739 876 3804 ot'oteottar]
887 3741 959 3794 Volo.
970 3742 1110 3808 Sedlgltor,
1122 3741 1214 3806 dequo

118 3819 278 3886 ricredlgit:
294 3821 395 3871 Daren
412 3822 468 3886 ropr'
482 3821 510 3870 ιἰι
528 3819 647 3871 Attum
686 3816 755 3867 Geli.
768 3817 845 3868 Μ.
858 3821 957 3868 xum.
983 3813 1216 3868 Verrurhaoddu·

118 3897 195 3948 oen
204 3897 287 3947 aetetir
296 3896 417 3960 cotom
426 3911 489 3947 ua:
505 3897 574 3960 lpus
584 3897 647 3946 laetr'r
685 3892 728 3944 bie
739 3894 855 3957 prolator
866 3907 898 3942 er
909 3893 978 3944 illiue
994 3893 1064 3942 libro
1074 3892 1108 3943 de
1120 3891 1214 3956 podda,

118 3972 182 4024 raim
209 3987 327 4022 rum
351 3973 383 4022 od
408 3973 511 4036 turpiora
537 3973 646 4022 redactur
684 3968 921 4020 lambiclrreoarllr
934 3969 1090 4034 comcrlpto.
1125 3969 1215 4021 Quare

115 4054 148 4099 η
685 4047 815 4110 vulgatum
840 4045 879 4094 hir
906 4061 952 4109 pro
978 4045 1042 4098 ttae
1062 4045 1213 4098 mendorum

145 4085 210 4176 dle
222 4123 268 4190 G.]
285 4124 370 4188 Volgo
387 4125 413 4173 tn
428 4123 497 4174 Gale
508 4129 527 4174 t.
535 4139 559 4174 a.
570 4123 643 4188 quari
681 4121 803 4174 arbitror.
820 4121 894 4171 Beth.

118 4201 206 4252 miron
229 4207 353 4266 quantum
375 4199 478 4251 mearet
505 4199 538 4251 ab
567 4199 644 4250 ltalia

176 4279 300 4343 ΜΝ
313 4278 443 4330 Vmclur.
609 4279 703 4329 Terent.
741 4341 743 4348 Ι
1125 4279 1146 4328 C
