2958 4892
243 385 308 452 246
578 395 771 448 areannue
796 395 1010 448 nuunnnrus

246 543 371 612 Rumor,
386 540 461 600 einh
474 539 532 602 hoe
546 535 693 619 Euripidi·
707 537 835 612 renerio,
855 539 906 620 qui
916 537 1028 618 primun
1041 537 1174 600 omnium
1188 539 1221 598 in
1236 536 1342 598 Oresta
1468 549 1469 632 ἦ

247 637 397 716 [Hecuba]
410 635 501 710 veuit,

447 733 515 792 Ηεύ
528 751 633 807 reaper
644 730 790 807 κυθμύνα
804 749 851 788 και
863 727 963 788 merod
975 731 1076 800 ntes,

246 859 352 940 pedem
367 857 559 920 novissimum
573 855 708 925 auferant
732 853 896 936 quinarium
919 855 983 938 jam
1006 855 1140 930 hebebit,
1164 857 1344 938 perfectissi-

247 975 327 1016 mum
342 953 476 1016 hodierni
490 951 584 1014 uoatri
597 951 674 1033 epici
686 949 854 1032 exemplar:

523 1083 591 1144 Heri
605 1105 708 1161 verpere
724 1080 731 1164 Ι
748 1084 892 1162 κενθμῶνα
907 1103 953 1140 και
968 1079 1074 1140 axornr'e.

317 1179 443 1260 Though
459 1178 545 1260 deep,
558 1187 608 1260 yet
619 1179 708 1252 clear,
726 1175 733 1256 Ι
750 1177 864 1258 though
879 1175 989 1257 gentle,
1002 1186 1053 1258 yet
1065 1187 1118 1236 not
1132 1174 1204 1236 dull.

250 1325 284 1384 ln
300 1323 426 1404 Anglico
441 1333 540 1384 tamen
554 1323 612 1386 hoe
627 1335 713 1385 notes
732 1325 830 1398 veiim,
853 1333 912 1384 tren
935 1321 1064 1404 syllabae
1079 1321 1225 1404 positione
1239 1322 1345 1401 longae
1469 1331 1470 1372 t

248 1419 315 1480 ioco
338 1419 468 1478 brevium
489 1419 570 1499 poni.
612 1418 672 1480 Eae
691 1429 724 1480 tn
748 1431 863 1500 poetea,
888 1429 919 1480 et
941 1437 1028 1498 qnam
1052 1417 1207 1477 Denhamo
1231 1420 1347 1478 veniam

250 1513 401 1588 noucedie,
414 1514 551 1576 Terentio
576 1535 678 1594 negen.
721 1515 970 1577 Persectiasimum
992 1523 1089 1574 autem
1111 1513 1263 1593 exemplar
1281 1513 1347 1574 ideo

250 1610 386 1691 appellor
407 1621 441 1670 nt
454 1611 551 1690 poie'tie
561 1609 752 1684 nostratibus,
768 1611 878 1692 ingenii
893 1631 965 1672 nane
980 1629 1121 1688 reumque
1135 1609 1281 1680 felicibus,
1295 1609 1347 1668 aed

249 1705 421 1772 eruditionis
444 1705 591 1767 interdum
611 1707 746 1780 modicia,
768 1707 839 1788 quid
863 1707 997 1768 hodierni
1021 1707 1108 1786 epici,
1135 1725 1195 1784 quo
1218 1707 1348 1766 numeris

250 1803 385 1862 omnibu·
409 1802 563 1864 abmlutua
586 1804 648 1876 fiat,
673 1804 826 1884 rhythmus
851 1803 1015 1884 geniusque
1040 1801 1095 1862 tibi
1119 1813 1235 1884 ponent,
1254 1803 1349 1862 obiter

252 1897 427 1958 ostendam:
449 1899 479 1957 in
493 1899 626 1960 vemihne
640 1919 746 1980 nempe
761 1901 884 1980 singuiis
906 1909 966 1959 tren
982 1896 1112 1978 syllabae
1124 1899 1238 1958 breves.
1282 1899 1348 1958 Hoc

252 2009 324 2052 sane
337 1992 540 2054 confitendum
553 2003 610 2066 eet,
624 2013 745 2056 avorum
756 2006 899 2076 tempore,
911 1995 1032 2054 eoebroe
1042 2011 1222 2074 asperosque
1235 2013 1350 2068 versus,

251 2106 361 2166 arogno
373 2087 530 2168 longarum
543 2088 673 2170 pondere
697 2101 833 2163 onuetoe,
848 2090 1019 2171 plerumque
1041 2089 1168 2150 exiiane:
1190 2089 1350 2150 hodiernos

252 2193 352 2244 autem
365 2186 469 2264 podtae
484 2185 573 2266 longe
594 2205 646 2248 eor
668 2189 821 2248 teneriores
843 2186 1078 2266 tornatioreeque
1095 2185 1185 2254 darer
1211 2185 1265 2246 eed
1280 2206 1352 2246 nure

252 2279 387 2340 inmunia
402 2279 554 2358 magistra,
576 2300 636 2342 non
657 2293 739 2350 arter
759 2301 829 2362 qum
848 2291 948 2342 tamen
972 2301 1022 2342 ara
1038 2281 1182 2362 principio
1198 2282 1352 2362 judicibua

253 2377 371 2435 auribus
396 2375 569 2437 dedebatur.
612 2377 732 2438 Habent
759 2373 868 2457 itaque,
890 2377 970 2458 quod
995 2378 1024 2437 in
1049 2377 1140 2458 longo
1168 2397 1240 2442 sane
1261 2399 1352 2462 opere

253 2469 362 2530 frustra
388 2473 613 2550 expectandum,
643 2471 675 2531 in
706 2473 917 2554 epigrammate
948 2471 993 2532 vel
1029 2471 1155 2554 elegiola
1182 2473 1269 2534 tacite
1297 2476 1351 2534 ob·

254 2565 418 2638 tinendum,
445 2585 548 2626 versun
575 2567 651 2648 epici
677 2567 848 2648 exemplar:
872 2587 932 2646 quo
953 2577 984 2628 et
1008 2587 1147 2629 numerus
1168 2569 1303 2630 brevium
1323 2581 1353 2630 et

254 2661 342 2723 reden
357 2659 562 2724 ostenduntur.
601 2663 780 2744 Quanquam
802 2664 833 2723 in
852 2663 961 2724 nostris
984 2675 1030 2724 ent
1053 2673 1083 2726 et
1106 2665 1238 2728 varietati
1255 2667 1350 2740 iocur,

256 2760 331 2818 utin
346 2757 413 2820 his:

337 2885 463 2967 'lhough
477 2885 564 2968 deep,
578 2897 630 2970 yet
641 2887 738 2957 clear:
753 2887 867 2968 though
881 2887 992 2972 gentle,
1006 2899 1057 2972 yet
1069 2899 1123 2952 not
1135 2889 1215 2960 duih

335 2981 445 3064 Strong
457 2983 582 3045 without
595 3003 677 3064 tage,
690 2983 813 3046 withhut
825 2985 1003 3068 o’erflowing
1017 2985 1081 3046 soil.

257 3119 338 3179 letne
352 3121 382 3178 in
396 3120 453 3180 hoo
467 3120 639 3200 porteriore,
652 3121 704 3202 qui
717 3123 748 3182 in
762 3122 895 3184 necunde
908 3121 1024 3204 epilaba
1036 3124 1099 3184 deri
1113 3125 1199 3196 nolet,
1213 3125 1242 3184 in
1258 3127 1354 3204 prima

257 3215 309 3280 fite
330 3223 361 3274 et
373 3225 496 3276 venerate
517 3213 657 3296 quidem3
681 3217 770 3278 modo
793 3237 858 3280 raro
879 3221 940 3292 fiat,
961 3221 1106 3282 aobrevis
1120 3231 1271 3302 nequatur.
1316 3224 1356 3284 Et

256 3309 356 3370 nescio
370 3307 518 3388 equidem,
532 3329 570 3370 an
583 3311 613 3370 in
627 3312 764 3375 Terentio
780 3333 908 3394 quoque,
929 3333 996 3374 cum
1018 3313 1179 3376 trimetrum
1193 3315 1354 3397 aliquoties

255 3403 375 3465 inchoet
388 3407 437 3478 ab,
459 3405 566 3478 hicine,
585 3406 702 3482 hocine,
717 3407 818 3482 aieine,
832 3409 933 3482 libera,
947 3429 1007 3470 nnn
1021 3409 1050 3470 in
1065 3411 1185 3490 primum
1201 3413 1355 3474 retrahen-

258 3499 315 3560 dus
329 3501 533 3574 aitaccentue,
554 3499 655 3576 libem,
676 3508 734 3564 dun.
756 3505 844 3566 etiam
868 3505 898 3565 in
922 3507 1067 3576 iambino;
1090 3507 1128 3568 ob
1152 3509 1183 3569 ed
1202 3511 1357 3592 ἱσόχοονον

258 3597 371 3658 scilieet
384 3607 415 3658 et
428 3599 591 3677 Ισόρῤυθμοι
605 3617 691 3666 :cnm
705 3599 871 3680 rhythmus,
887 3601 1098 3682 Hephaestione
1108 3613 1195 3677 teste,
1206 3605 1246 3666 eit
1260 3617 1358 3667 metro

255 3694 412 3772 potentior.
450 3693 522 3764 Tnie
536 3693 610 3756 illud
624 3695 733 3768 Plauti,
749 3695 880 3758 Rudent.
895 3717 934 3757 11.
949 3697 978 3757 6.
994 3699 1043 3760 29.

418 3831 553 3894 Piacihu'r
567 3831 598 3892 in
613 3831 674 3895 alto
684 3832 774 3894 credo
788 3834 921 3916 praebent
933 3833 1093 3914 pabulum:

257 3961 318 4036 ubi,
332 3959 474 4040 piscibus,
486 3959 625 4023 libentius
639 3961 780 4036 efferrem,
794 3982 893 4044 quam,
906 3961 1046 4044 piscibus.
