2978 4890
224 343 246 408 8
670 355 876 406 ranrarro.

226 506 416 584 scililicet
438 509 550 568 cetera
569 501 778 584 elegantioris
800 501 993 580 literaturae,
1017 502 1148 568 videtur
1162 501 1320 582 Gritlcns,

228 627 327 693 quam
343 627 405 691 par
419 613 483 684 est,
497 613 532 670 et
546 605 626 687 plus
638 623 737 687 aequo
749 623 902 668 morosus
914 601 1139 684 Aristarchus,
1153 605 1323 690 planeque

226 711 475 785 immisericors,
490 707 606 774 delens
620 711 720 790 atquc
734 709 929 790 expungeris
951 723 1016 770 non
1033 707 1106 791 jam
1128 725 1235 772 voces
1247 727 1323 772 ver·

230 832 357 896 susque
372 811 531 894 singulos,
552 810 610 876 sed
629 810 774 893 integras
800 809 930 874 Scenas
957 810 1004 875 ita
1018 814 1138 874 notans
1153 810 1265 888 obelo,
1289 813 1323 874 et

229 915 416 982 decussatis
427 913 539 990 lineis,
550 914 583 977 in
595 913 665 992 illo,
675 932 742 997 quo
753 931 837 978 usus
850 933 936 992 sum,
952 913 1077 978 Codice
1090 913 1323 998 perstringens,

229 1018 282 1084 uti
308 1019 343 1082 in
373 1015 544 1082 Editione‘
559 1015 769 1080 Boecleriana
790 1021 975 1082 transverso
996 1016 1171 1082 illinendas
1190 1019 1323 1083 calamo

221 1121 355 1187 ‘censet
400 1119 670 1184 Boeclerns'vero
686 1138 762 1183 cnm
777 1119 943 1201 praeclara
958 1119 1065 1184 multa
1078 1119 1190 1198 habet,
1205 1127 1274 1184 tum
1288 1119 1324 1182 in

232 1222 374 1288 artificio
391 1221 530 1288 Gomico
552 1219 784 1304 investigando
808 1228 844 1285 et
859 1221 1040 1304 aperiendo
1055 1227 1177 1304 regnat.
1222 1220 1325 1300 Quod

233 1325 275 1389 de
291 1324 426 1407 Gnyeto
445 1324 530 1402 dixi,
544 1325 574 1388 is
589 1325 633 1388 ob
651 1325 788 1389 nimium
800 1323 969 1390 licentiam
984 1325 1102 1390 merito
1122 1325 1166 1388 ab
1185 1323 1326 1405 Elegan-

232 1427 365 1492 tissime
380 1425 526 1490 Daeerla
538 1425 688 1508 vapulat,
703 1425 747 1490 ad
758 1424 895 1490 Plrorm.
917 1443 950 1488 v.
972 1427 1005 1490 7.
1025 1425 1078 1492 29.
1123 1425 1235 1507 Digna
1248 1432 1327 1488 sunt

235 1527 457 1592 Doctissimae
471 1526 578 1592 Annae
596 1528 699 1592 rerba
721 1547 798 1612 qnae
822 1531 1132 1592 commemorentur.
1176 1526 1230 1591 ita
1245 1527 1326 1590 illa:

235 1628 323 1694 ‘Ges
334 1629 418 1693 trois
433 1627 598 1693 derniercs
610 1629 735 1694 Scenes
748 1637 823 1695 sont
830 1629 994 1714 peut-ene
1008 1631 1058 1694 les
1073 1630 1149 1714 plns
1164 1629 1269 1693 belles
1284 1627 1327 1692 de

235 1735 306 1796 tout
316 1732 349 1796 le
365 1731 557 1796 Phormion.
602 1728 796 1813 Gependant
812 1731 860 1794 Μ.
876 1730 991 1815 Gnyet
1004 1731 1074 1795 leur
1085 1751 1107 1796 a
1118 1729 1253 1795 declars
1261 1747 1328 1792 nne

236 1835 276 1898 si,
289 1834 409 1898 oruella
430 1853 556 1916 guerre,
579 1831 660 1915 qu’il
684 1832 733 1896 les
749 1832 918 1897 retranche
933 1841 1004 1898 tout
1027 1832 1103 1897 ‹l’nn
1125 1852 1222 1916 coup,
1245 1848 1328 1896 sans

233 1937 316 2000 faire
332 1936 479 2019 quartier
493 1932 515 1998 a
530 1954 574 1998 un
590 1934 663 1998 seul
685 1953 768 1997 vers.
813 1931 867 1996 On
889 1953 932 1997 ne
952 1939 1032 2016 peut
1057 1934 1262 2017 s'empeclrer
1285 1933 1328 1997 de

236 2039 318 2115 dire,
342 2058 407 2121 que
426 2036 509 2101 e'est
526 2034 562 2100 la
585 2057 630 2100 un
654 2033 778 2118 degent
802 2034 879 2099 (l’un
901 2037 1033 2101 homme
1048 2035 1192 2114 malade,
1208 2036 1328 2121 plutllt,

236 2160 301 2224 que
316 2139 389 2204 d'un
405 2137 554 2221 Critique
561 2137 738 2222 judicieux
754 2143 787 2202 et
797 2137 943 2204 delicat.¹

280 2240 383 2320 Quod
400 2243 434 2306 in
450 2241 749 2306 observationibus
764 2242 911 2305 maxime
926 2241 969 2306 ad
985 2241 1156 2306 Donatum
1172 2241 1329 2324 frequens

236 2345 332 2409 uides
346 2341 530 2408 Abrahami
542 2341 712 2424 Wiclingii
726 2361 857 2419 nomen,
871 2341 972 2426 hujus
980 2342 1063 2406 milri
1075 2340 1330 2407 Consultissimi

237 2445 511 2527 Amicissimique
525 2442 600 2508 Viri
616 2445 650 2507 in
667 2444 802 2508 Donato
827 2445 997 2508 sexcentis
1020 2444 1151 2509 mendis
1174 2444 1287 2508 obsito
1311 2464 1330 2507 e

237 2549 425 2633 conjectura
440 2546 646 2611 restituendo
660 2546 800 2627 insignis
813 2565 915 2628 opera
924 2545 996 2611 suit.
1032 2547 1172 2612 Scilicet
1183 2549 1259 2610 curn
1271 2547 1332 2610 ali-

239 2649 376 2734 qnando
389 2650 432 2713 ad
442 2647 697 2732 Amplissimum
706 2646 838 2725 Virum,
859 2648 1048 2713 Samuelem
1069 2648 1239 2725 Hulsium,
1258 2647 1333 2713 Ha·

238 2770 336 2834 ganas
349 2749 505 2815 Civitatis
521 2749 745 2828 Consularem,
761 2750 950 2834 praedivitis
964 2759 998 2815 et
1011 2769 1092 2815 sane
1106 2769 1189 2815 rarae
1205 2749 1333 2814 Biblio-
1428 2801 1431 2804 .

238 2853 345 2918 tlrecae
360 2871 593 2936 possessorem
607 2853 793 2930 inviserem,
807 2872 1035 2936 rogaremqne,
1044 2855 1104 2930 uti,
1113 2853 1144 2918 si
1155 2872 1232 2936 qum
1246 2871 1333 2936 pree·

239 2954 328 3020 sidia
341 2955 423 3019 meis
438 2955 558 3020 usibus
579 2961 659 3038 apta
672 2954 818 3033 haberet,
847 2975 889 3020 ea
913 2955 992 3020 milri
1016 2975 1057 3020 ne
1081 2975 1200 3038 negare
1223 2955 1334 3034 vellet,

240 3059 362 3120 Μουσῶν
391 3051 490 3139 iopila
516 3051 639 3133 aaran,
674 3057 851 3138 respondit
876 3055 940 3122 Vir
971 3056 1257 3135 Humanissimns,
1284 3059 1335 3122 lir-

240 3157 446 3222 strandornm
460 3156 634 3222 Librorum
645 3157 779 3240 copiam
794 3157 886 3236 iacit,
894 3178 1041 3242 moxque
1052 3159 1250 3240 Gatalogum
1261 3179 1338 3244 per-

240 3277 381 3324 censeas
400 3259 698 3342 praestantissimas
722 3261 885 3344 quasdam
907 3261 1077 3327 Editiones
1090 3261 1173 3326 mihi
1189 3263 1335 3346 seponit.

240 3361 313 3446 Ego
335 3363 461 3427 interea
474 3361 599 3444 cupide
613 3361 723 3425 omnia
735 3363 1007 3446 circumspiciens
1030 3361 1133 3428 incidi
1155 3362 1190 3427 in
1210 3363 1337 3430 Donati

241 3465 403 3532 (indicem
418 3463 485 3528 Ms.
501 3463 670 3548 quantivis
684 3465 794 3548 pretii.
833 3465 876 3530 Et
889 3464 987 3549 hujus
999 3465 1081 3530 mihi
1095 3485 1199 3532 usura
1213 3467 1335 3532 eadem

240 3568 440 3636 liberalitate
453 3567 554 3644 iacta,
578 3571 626 3644 ut,
652 3567 683 3630 si
708 3585 806 3649 qnam
826 3565 902 3630 inde
916 3570 1021 3632 veteri
1045 3567 1219 3652 interpreti
1234 3589 1334 3652 opem

232 3671 324 3736 'serre
338 3689 481 3754 possem,
503 3669 539 3732 id
561 3668 714 3734 iacerem.
761 3669 815 3733 lbi
831 3674 901 3734 tum
915 3669 1169 3736 Eruditissimus
1193 3670 1337 3736 Wielin·

243 3775 326 3856 gius,
343 3772 477 3856 cognito
492 3791 567 3836 meo
583 3772 737 3852 consilio,
759 3791 978 3856 quaecumque
1001 3773 1067 3836 sibi
1091 3773 1135 3837 ad
1161 3771 1336 3838 Donatum

243 3877 424 3940 observata
438 3879 563 3952 essent,
576 3875 666 3939 nltro
687 3875 767 3940 mihi
781 3875 915 3940 obtulit.
958 3874 1040 3941 Inde
1059 3875 1158 3958 igitur
1169 3893 1236 3940 non
1255 3893 1337 3940 oon-

242 3977 418 4042 temnenda
434 3975 734 4043 observationibus
749 3978 872 4042 nostris
893 3976 1043 4042 accessio
1058 3981 1111 4041 est
1123 3976 1225 4042 facta.
1269 3977 1338 4042 Sed

244 4083 279 4143 et
292 4079 431 4144 alterum
443 4079 593 4164 ejusdem
610 4079 734 4144 Donati
750 4079 886 4142 Librum
901 4085 1021 4144 neotus
1034 4097 1121 4156 sum,
1137 4077 1251 4142 itidem
1266 4097 1337 4144 ma·

244 4188 493 4260 nn'exaratum,
503 4181 654 4266 junctum
670 4180 789 4250 codici
804 4181 853 4248 illi
870 4179 936 4246 Ms.
947 4179 1229 4259 Boeudermakeri,
1239 4200 1338 4264 quem
