2958 4892
240 345 305 412 166
413 363 444 408 ι.
468 357 760 409 suurarouruus
786 357 834 406 uu
856 357 997 408 nuruis
1022 359 1186 410 russur.

241 522 328 565 neum
344 521 411 562 csse
425 499 573 572 duximus,
598 519 665 560 cum
688 517 835 580 nusquam
852 495 956 560 lectori
970 518 1030 560 non
1052 503 1112 561 sint
1126 501 1214 562 obvia
1228 502 1337 574 lutura,

241 603 270 662 in
293 616 508 680 quamcumque
532 597 620 675 bujus
642 595 708 656 libri
730 595 868 676 pagiuam
891 596 996 657 oculos
1024 598 1208 658 converterit.
1253 599 1338 658 lllum

242 697 342 774 itaque
362 694 408 754 bis
432 691 585 772 principiis
601 703 632 752 et
653 689 901 772 preceptionibus
925 691 1100 752 instructum
1123 711 1159 752 eo
1182 692 1341 766 dimittam,

243 791 333 852 modo
346 800 377 849 et
389 789 463 849 illud
486 787 659 860 addiderim,
684 806 739 846 nos
763 787 815 846 uni
830 786 927 846 tersui
952 787 1098 866 geminam
1122 787 1340 849 dimensionem

244 885 430 967 apposuisse,
443 903 503 944 non
518 885 614 944 solum
627 883 678 944 ubi
687 881 790 942 incidit
799 881 977 961 disceptatio
987 883 1027 942 cb
1037 883 1150 942 alienos
1159 883 1227 942 illos
1238 885 1343 962 pedes,

245 982 400 1044 sedetiam
419 982 449 1038 in
471 981 605 1040 versibus
630 979 796 1058 ambiguis:
818 997 886 1038 cum
910 979 1023 1039 scilicet
1045 977 1123 1038 idem
1137 999 1241 1038 versus
1256 979 1343 1043 simul

246 1080 319 1140 etin
335 1077 451 1137 iambici
465 1075 649 1136 acamlectici
671 1085 702 1134 et
716 1075 746 1134 in
761 1075 901 1135 trochaici
914 1075 1079 1136 catalectici
1093 1093 1229 1136 numeros
1244 1077 1343 1137 venire

246 1183 370 1256 poterat.
413 1175 491 1232 Sunt
503 1181 533 1231 et
547 1169 606 1230 alia
619 1170 733 1232 ratione
746 1187 850 1230 versus
864 1169 1005 1249 ambigui,
1019 1172 1167 1250 praecipue
1180 1173 1343 1232 tetrametri

247 1268 432 1331 catalecticir
463 1267 632 1345 inquorum
655 1265 726 1326 sede
750 1264 875 1344 septima
897 1265 1017 1343 ponitur
1037 1264 1294 1346 brachysyllabus,
1313 1267 1345 1326 irs

247 1367 313 1426 aliis
333 1382 403 1424 vero
428 1362 595 1442 regionibus
617 1345 717 1420 nullus
742 1351 879 1420 consistit
897 1360 1024 1433 iambus,
1045 1379 1143 1440 acque
1167 1363 1259 1423 edam
1285 1375 1345 1424 tro·

249 1461 371 1520 uhtaus:
392 1467 426 1518 ut
439 1467 523 1518 actus
539 1477 578 1518 11.
593 1455 725 1530 Andrias,
739 1455 903 1534 penultimo
917 1475 1026 1528 mena,
1040 1458 1071 1517 2.
1087 1475 1184 1518 versu.

329 1596 395 1655 Nisi
410 1595 502 1666 rides,
519 1593 575 1653 uisi
590 1593 669 1653 senis
683 1593 792 1652 amicos
808 1612 885 1667 oras,
900 1593 1003 1653 ambis.
1047 1594 1083 1652 C.
1098 1594 1178 1655 Bene
1188 1614 1305 1656 mones.

251 1743 309 1802 rtic
322 1761 426 1802 versus
440 1740 559 1819 regione
574 1738 668 1817 prima
681 1737 767 1796 tertia
777 1747 808 1798 et
821 1737 948 1816 septima
960 1737 1218 1817 brachysyllabum
1232 1739 1344 1801 babet:

252 1837 383 1898 secunda
397 1835 567 1915 dactylumr
588 1844 704 1912 quarta,
719 1834 832 1912 quinta,
856 1843 886 1894 et
910 1843 1004 1906 sexta,
1028 1832 1220 1912 spondaeum:
1244 1834 1348 1896 ultima

253 1933 396 2011 syllabam
409 1931 540 2010 longam,
551 1949 619 2009 quas
630 1949 744 1990 versum
755 1929 836 1988 illurn
851 1930 1056 1990 catalecticum
1070 1949 1137 1990 esse
1151 1929 1348 1998 demonstrat.

254 2027 314 2089 Sed
328 2027 474 2106 ambigere
489 2027 635 2106 quispiam
648 2027 752 2086 merito
774 2026 880 2104 possit,
905 2026 1097 2098 iambicusne,
1118 2045 1157 2086 an
1179 2026 1348 2088 trochaicus
1471 2077 1472 2106 ,

253 2124 367 2186 censeri
381 2123 508 2190 debean
530 2141 597 2181 cum
611 2121 650 2181 ibi
669 2121 767 2180 nullus
789 2120 828 2178 sit
849 2121 963 2180 iambus
985 2121 1036 2199 qui
1061 2119 1228 2194 iambicam,
1252 2143 1350 2202 neque
1471 2109 1472 2112 ¹

253 2219 400 2280 trocheus
414 2217 465 2296 qui
479 2217 660 2277 trochaicum
674 2216 769 2295 possit
782 2215 922 2276 indicare.
957 2216 1108 2276 Judiciunr
1124 2218 1214 2296 igitur
1227 2217 1350 2279 aliunde
1471 2213 1472 2292 ,

254 2315 415 2395 petendum
429 2325 491 2375 est:
506 2332 612 2392 nempe
625 2312 756 2373 aricinis
768 2313 909 2386 versibus,
919 2313 971 2392 qui
985 2313 1126 2373 trochaici
1140 2325 1211 2374 sunt
1224 2333 1349 2377 omncs:

255 2429 315 2490 quo
329 2411 407 2469 circa
420 2421 450 2468 et
462 2410 511 2469 bic
524 2408 690 2468 trochaicus
705 2419 752 2468 est
765 2408 957 2487 judicandus.
986 2409 1127 2477 Quamvis
1140 2409 1218 2484 enirn
1231 2411 1352 2473 iambici

256 2517 287 2565 et
307 2504 449 2565 trochaici
471 2525 549 2584 seps
573 2504 759 2564 inveniantur
782 2505 955 2574 intermisti;
977 2505 1034 2566 hoc
1049 2515 1146 2568 tamen
1161 2517 1208 2566 est
1221 2507 1264 2567 itu
1277 2517 1352 2568 tem
1471 2523 1472 2580 1

254 2600 430 2682 perandum,
443 2611 487 2671 ut,
501 2619 560 2680 quo
574 2600 672 2679 plures
687 2601 819 2680 ejusdem
833 2601 948 2678 generis
963 2602 993 2660 iu
1006 2617 1097 2662 onum
1113 2601 1246 2680 digerere
1260 2623 1351 2681 quea·

256 2715 332 2766 mus,
353 2694 383 2752 id
397 2695 517 2754 omnino
531 2713 691 2754 conemur:
713 2715 809 2774 nsque
824 2715 891 2756 vero
904 2697 992 2776 hujus
1006 2698 1048 2756 rei
1071 2699 1175 2776 gratia
1198 2699 1246 2756 vel
1261 2699 1351 2758 etiam
1471 2697 1472 2776 l

258 2793 296 2852 ob
311 2791 384 2850 alias
397 2809 598 2869 quascumque
609 2791 785 2852 comicorum
797 2793 931 2852 versuum
944 2793 1036 2870 leges,
1049 2811 1151 2852 eorum
1165 2791 1351 2872 diligentiam

257 2885 429 2946 imitandam
443 2886 588 2958 existimo,
609 2886 659 2965 qui
681 2889 768 2946 etiam
791 2899 894 2946 contra
914 2889 1042 2948 omniurn
1058 2890 1246 2967 probatorum
1262 2899 1293 2948 et
1307 2909 1352 2950 re·
1471 2905 1472 2954 l

258 2995 409 3062 ceptorum
421 2982 557 3042 codicum
572 2982 739 3040 testimonia
761 2981 832 3040 nihil
854 3002 914 3042 non
936 2984 965 3042 in
984 2984 1121 3043 Terentio
1135 2984 1191 3044 sibi
1205 2984 1293 3044 linere
1307 2987 1352 3044 iu·

258 3089 369 3138 uertere
383 3086 546 3146 autumant,
567 3074 655 3134 modo
669 3095 784 3138 versum
800 3077 838 3136 ad
853 3097 982 3156 unguem
997 3079 1058 3138 suis
1073 3079 1204 3139 numeris
1214 3088 1352 3140 constare

259 3174 481 3232 demonstrent:
502 3171 531 3228 in
547 3189 669 3248 quorum
684 3181 783 3230 tamen
796 3172 998 3232 observatione
1010 3172 1073 3251 ipse
1086 3174 1241 3234 Terentius
1255 3173 1294 3234 de
1307 3177 1352 3236 in·

260 3267 373 3327 dustria
387 3265 539 3346 negligens
554 3266 645 3326 fuisse
659 3267 843 3348 perspicitur.
885 3267 950 3328 Nos
963 3268 1102 3330 Terentio
1121 3289 1270 3344 numeros,
1291 3291 1350 3332 uon

260 3362 426 3422 Terentium
455 3361 583 3421 numeris
611 3363 833 3443 astringendum
856 3365 1048 3424 arbitramur:
1077 3376 1257 3446 quapropter
1279 3367 1352 3426 nihil

259 3477 389 3538 uuquam
413 3458 451 3517 ob
476 3458 559 3516 metri
582 3457 725 3519 rationem
748 3459 965 3520 immutavimus
988 3459 1018 3518 iu
1041 3470 1202 3520 contextu:
1222 3461 1280 3520 nisi
1292 3461 1352 3522 duo

261 3564 313 3614 aut
325 3553 410 3632 plura
422 3571 516 3630 eaque
529 3553 588 3613 lide
603 3553 694 3632 digna
715 3555 745 3613 in
767 3554 845 3614 idem
859 3556 1060 3616 consentirent
1073 3555 1271 3634 exemplaria:
1292 3557 1352 3618 lec·

259 3649 348 3710 tionis
367 3657 464 3708 tamen
487 3649 656 3709 varietatem
680 3650 791 3729 ubique
812 3650 874 3710 lere
897 3649 936 3709 ad
960 3652 1121 3730 marginem
1143 3651 1352 3730 apposuimus:

261 3765 323 3805 uua
336 3763 404 3804 cum
426 3743 518 3804 literis
539 3754 570 3804 et
593 3745 682 3816 notis,
702 3765 770 3825 quse
785 3745 930 3807 diversam
943 3745 1075 3806 iudicent
1087 3748 1301 3812 dimensionem
1315 3750 1355 3808 ab

261 3861 308 3912 ea,
328 3859 417 3918 quam
430 3839 582 3920 receptiori
595 3849 625 3900 et
638 3839 668 3898 iu
691 3849 832 3902 contextu
853 3841 959 3920 positas
983 3840 1103 3902 lectioni
1126 3843 1354 3921 assignavimus.

263 3935 367 3997 valete
380 3935 481 4009 Saraei,
494 3935 602 3996 smmis
615 3955 668 4017 spe
679 3935 902 4000 adolescentuli.
945 3935 1041 4018 Lugd.
1055 3937 1131 4002 ldib.
1143 3939 1222 4020 Aug.
1238 3939 1327 4000 1556.
