3012 4892
233 371 276 440 lo
674 381 884 438 rnmrnrro.

234 541 297 600 tor.
324 532 393 599 Ubi
409 539 519 599 antem
533 532 592 617 qui
606 536 684 598 ante
698 529 790 596 buno
803 529 894 594 diem
907 527 1105 614 prodierunt
1117 527 1213 594 Libri
1226 527 1328 594 Com-

233 635 429 702 monterium
447 635 572 700 Donati
586 633 728 718 turpiter
741 635 776 696 et
789 631 907 698 inscite
921 649 1061 716 prorsus
1085 630 1242 696 luxatum
1254 631 1330 698 lan·

232 739 443 822 clnatnmque
470 737 604 802 turbato
634 733 751 800 ordine
778 731 996 810 exhibebant,
1024 732 1116 817 qnod
1146 733 1328 798 innumeris

229 838 313 905 locis
327 838 463 916 fectum,
478 839 535 922 qui
550 839 650 916 volet,
663 837 816 923 reperiet,
831 835 1042 902 emendatum
1063 853 1162 914 nnnc,
1193 835 1329 901 restitn-

234 947 369 1026 tumque
383 942 536 1007 exhibeo.

276 1041 656 1126 JoannesGalpburnius
670 1041 728 1107 ille
743 1039 944 1118 Brixierrsis,
956 1039 1113 1123 quisquis
1128 1039 1260 1104 demum
1273 1039 1328 1107 sn·

233 1145 308 1223 erit,
324 1145 494 1210 Laurentii
509 1144 621 1212 Vallan
636 1149 747 1222 atlete,
762 1143 798 1208 id
813 1151 879 1222 eet,
900 1142 1036 1208 Saeculo
1049 1142 1168 1226 quinto
1183 1141 1325 1220 decimo,

234 1247 364 1312 vixisse
379 1246 520 1326 videtur,
543 1245 643 1331 cnjus
656 1246 780 1311 diserte
794 1245 947 1310 meminit
960 1244 1007 1310 ud
1017 1243 1142 1310 Hennt.
1159 1261 1210 1307 1v.
1224 1245 1258 1310 5.
1273 1244 1327 1308 lo.

237 1349 307 1415 Hic
323 1357 447 1433 praeter
459 1347 777 1416 commentariolum
791 1349 826 1412 in
840 1367 940 1414 unam
955 1348 1051 1414 illam
1068 1346 1233 1415 Fabulam
1246 1344 1330 1411 nibil

234 1451 437 1529 Terentiam,
452 1449 545 1535 quod
564 1451 682 1529 sciam,
704 1450 849 1534 reliquit,
864 1458 899 1516 et
911 1449 1003 1516 bend
1016 1467 1092 1514 raro
1105 1468 1206 1532 qnam
1227 1467 1330 1532 prox·

235 1552 302 1618 ime
325 1552 369 1616 ad
392 1553 505 1636 ipsum
530 1552 701 1617 Donatum
727 1551 891 1617 accedere
913 1551 1057 1618 ridetur.
1100 1550 1227 1633 Siquis
1249 1547 1330 1614 Cal·

235 1653 413 1738 pbnrninm
436 1653 633 1738 possedisse
660 1655 830 1721 Donatum
853 1655 957 1720 etiam
978 1655 1012 1718 in
1033 1651 1331 1718 Heautontimoru-

235 1775 352 1821 menon
367 1757 555 1836 contendat,
577 1777 646 1823 non
660 1758 760 1824 valde
775 1755 1038 1842 repugnaverim.
1081 1753 1182 1820 Certe
1197 1753 1332 1837 quidem

236 1857 392 1940 pluscule
414 1858 610 1925 Donationa
632 1860 668 1924 in
693 1879 735 1926 eo
757 1859 911 1938 inveniri,
933 1858 1013 1942 plus
1035 1857 1139 1922 semel
1158 1853 1273 1922 monui
1296 1855 1332 1918 ln

237 1957 552 2026 observationibus.

282 2059 371 2141 Quae
386 2061 611 2146 Eugrapbins,
633 2062 707 2126 sive
732 2061 764 2126 is
786 2059 1000 2145 Eograpbius
1019 2079 1100 2126 vero
1122 2060 1254 2125 nomino
1270 2078 1332 2129 ,vo-

238 2163 368 2230 candus
383 2165 439 2245 sit,
451 2165 486 2230 in
501 2163 536 2230 N
538 2169 662 2230 ostrum
676 2165 732 2230 vel
746 2167 934 2242 notaverat,
946 2161 1156 2228 valnotunda
1171 2161 1332 2245 Discipu-

240 2264 283 2330 lis
297 2271 518 2351 praeceperat,
542 2286 715 2351 perpauca
728 2263 918 2343 admodum,
932 2283 1041 2348 neque
1055 2264 1123 2328 lere
1141 2264 1334 2348 quicquam,

238 2373 466 2454 preterquam
490 2369 526 2434 in
556 2367 722 2455 Prologos
748 2368 973 2436 Terentianos
1003 2367 1203 2451 Fragmenta
1230 2365 1333 2450 hujus

239 2469 430 2552 Scriptoris,
446 2471 581 2549 decimi,
592 2477 632 2537 nt
647 2471 786 2550 videtur,
809 2471 922 2550 idest,
945 2469 1177 2536 obscurissimi
1196 2469 1333 2547 Soacnli,

238 2593 259 2637 e
273 2590 335 2638 sno
352 2571 482 2637 Codice
496 2574 626 2657 primns
640 2574 788 2638 omnium
802 2573 940 2639 dederat
949 2573 1089 2638 Gabriel
1104 2562 1264 2647 Fadrnus,
1273 2589 1334 2634 nn·

238 2692 298 2757 per
310 2675 465 2757 repetita
480 2679 515 2740 et
528 2694 628 2740 norae
642 2674 794 2740 Editioni
807 2673 1015 2740 Terentianae
1029 2673 1162 2757 adjecta
1184 2691 1206 2737 a
1227 2671 1333 2736 Fren-

238 2774 331 2840 oisoo
347 2775 450 2841 Here.
495 2775 584 2842 Haec
599 2795 681 2841 vero
698 2776 791 2841 bonu
803 2781 899 2859 parte
914 2781 994 2862 post
1017 2773 1183 2840 Fadrnnm
1196 2795 1216 2838 e
1230 2775 1334 2839 Libro

239 2875 308 2942 Ms.
320 2879 419 2944 auxit
432 2878 623 2944 Fridericus
638 2876 937 2943 Lindenbrncbins.
971 2877 1040 2942 Sed
1053 2877 1109 2943 vel
1123 2877 1173 2942 its
1185 2876 1334 2958 ingentes

238 2981 381 3060 locare,
416 2982 524 3048 hiatus
549 2983 637 3048 vasti
664 2981 860 3061 restabant3
897 2979 1035 3064 Hecyra
1062 2981 1190 3064 integra
1213 2987 1335 3062 praetnr

239 3089 416 3166 utrumque
431 3082 625 3166 Prnlogum,
648 3083 787 3166 integrm
802 3082 884 3146 item
900 3081 1117 3146 Phormionis
1139 3081 1258 3146 Scenae
1278 3079 1335 3144 do·

238 3191 343 3249 erant.
387 3182 471 3249 Cum
487 3185 522 3250 id
537 3185 704 3263 dolebam,
714 3203 833 3270 neque,
844 3183 933 3249 nude
949 3184 1114 3268 suppetiae
1128 3188 1196 3248 tam
1210 3182 1333 3248 misere

237 3285 354 3352 bebito
367 3285 551 3370 affectoqne
577 3286 757 3370 Interpreti
779 3284 933 3370 petendo
958 3291 1085 3364 esmnt,
1114 3285 1333 3369 expntnbem,

239 3387 451 3452 commodum
465 3387 567 3452 incidi
580 3388 616 3452 in
630 3387 760 3471 duplex
778 3387 980 3471 exemplum,
1006 3387 1101 3471 quod
1123 3391 1275 3452 servatur
1297 3385 1334 3450 in

237 3486 453 3554 Bibliotheca
467 3489 635 3568 Leidensi,
649 3489 797 3554 lacerum
809 3487 960 3566 ultorum,
975 3489 1114 3554 alterum
1129 3486 1242 3552 multis
1255 3505 1333 3569 par-

239 3589 331 3654 tibus
355 3590 533 3674 integrius3
559 3589 644 3656 illud
670 3589 841 3674 qnondam
866 3587 913 3655 Is.
928 3589 1060 3666 Vossii,
1082 3587 1149 3653 boc
1173 3587 1334 3671 Dionysii

239 3693 387 3760 Petavii.
431 3693 472 3758 ln
495 3693 553 3759 illo
574 3693 762 3776 legebetur:
785 3683 866 3762 ‘Sei
894 3692 988 3758 Petri
1012 3689 1250 3756 Beluacensis’
1291 3688 1334 3754 ln

239 3797 340 3881 bojns
353 3795 461 3860 fronte
475 3795 663 3879 ascriptum
676 3803 767 3863 erat:
789 3797 960 3864 ‘Rufinus
974 3795 1009 3860 in
1022 3791 1270 3858 Commentario
1291 3792 1334 3857 de

241 3895 361 3963 Matris
375 3897 575 3963 Euanthium
582 3897 807 3964 Sacerdotem
821 3903 855 3966 in
868 3897 1062 3963 Terentium
1084 3893 1184 3960 citat!
1227 3893 1333 3960 Porro

240 4007 371 4064 autem:
394 3997 517 4064 ‘Abbo
543 3998 685 4066 Florian.
707 4000 830 4068 Abbes
846 4003 882 4067 in
907 3999 1074 4084 Epistolis
1098 3996 1247 4062 meminit
1265 3994 1334 4060 Eu·

241 4099 390 4184 grepbii!
433 4100 603 4168 Abbatam
618 4108 729 4171 antem
753 4104 847 4170 illurn
871 4101 1119 4168 Floriacensem
1141 4098 1278 4166 Saeculo
1293 4113 1333 4163 x.

241 4203 397 4270 floruisse
411 4211 551 4272 constet.
600 4205 695 4272 Unde
709 4207 753 4273 de
772 4205 954 4292 Euprapbii
968 4207 1068 4272 artato
1080 4201 1273 4287 conjectura
1286 4199 1335 4266 tit.
