2970 4900
313 695 994 816 mnrrnouuru

387 897 419 946 V.
436 896 467 946 C.
484 895 664 947 ORATORIS
681 897 787 948 URBlS
803 898 927 962 ROMAE,

228 1060 487 1127 PRAEFATIO
510 1061 566 1126 IN
587 1060 821 1127 ANDRIAM
842 1063 1088 1132 TERENTII.

119 1258 279 1318 Corrmnrr
294 1260 443 1328 Annam,
457 1277 525 1318 cum
544 1257 671 1317 Palliata
691 1260 738 1329 sit,
759 1258 797 1318 de
814 1260 881 1320 loco
894 1280 999 1322 nomen
1014 1266 1136 1342 accepit,
1159 1267 1195 1324 a'

119 1354 280 1414 Menandro
294 1355 385 1434 prius,
405 1365 435 1414 et
448 1373 528 1414 nunc
541 1357 578 1414 ab
592 1354 657 1432 ipso
670 1353 825 1416 Terentio:
847 1353 907 1436 qui,
921 1375 989 1416 curn
1001 1357 1037 1419 de
1052 1358 1197 1438 Chryside

119 1449 289 1530 loqueretur,
310 1450 352 1508 sic
367 1450 424 1508 ait:
446 1459 455 1482 ¹
468 1447 536 1519 Hei,
549 1467 658 1520 vereor,
681 1468 718 1508 ne
737 1448 807 1526 quid
828 1449 939 1510 Andria
952 1463 1086 1532 apportet
1098 1455 1168 1514 mali
1180 1457 1199 1513 :'

118 1553 145 1602 et
156 1545 213 1604 hoc
227 1563 380 1604 commune
393 1543 568 1602 vocabulum
582 1553 628 1601 eat
641 1553 671 1601 et
683 1542 712 1600 in
734 1541 840 1602 Graeca
860 1556 890 1602 et
912 1544 941 1603 in
957 1545 1061 1606 Latina
1084 1547 1196 1628 lingua.

119 1636 187 1700 lime
202 1637 306 1718 majori
319 1659 355 1700 ex
375 1647 458 1718 parte
482 1637 610 1696 Motoria
632 1647 696 1703 est:
717 1637 906 1716 continetque
929 1651 1012 1700 actus
1035 1652 1196 1704 amatorum

118 1735 356 1808 adolescentium,
376 1743 406 1796 et
419 1743 533 1812 patrum
547 1733 672 1812 piorum.
712 1733 788 1793 Sunt
800 1732 840 1794 ibi
858 1734 957 1794 callidi
980 1738 1067 1808 servi,
1090 1749 1196 1802 astutae

117 1831 239 1900 ancilloe,
255 1830 346 1890 severi
362 1848 458 1898 senes,
471 1827 684 1889 adolescentuli
702 1827 848 1892 liberales.
888 1831 922 1892 lu
936 1831 1003 1904 hac,
1015 1834 1116 1912 primae
1129 1853 1196 1914 par·

116 1935 158 1984 tes
172 1925 252 1984 senis
266 1925 393 1984 Simonis
407 1935 487 1994 sant,
508 1923 647 1984 secundm
661 1923 748 1994 Davi,
768 1925 862 1984 tertiae
876 1925 1048 1999 Chremetis,
1070 1939 1101 1988 et
1114 1929 1196 1989 deiu-

116 2039 182 2098 ceps
196 2021 381 2099 reliquorum.
422 2019 566 2098 Prologus
581 2020 611 2078 in
625 2019 682 2078 bac
696 2037 763 2078 acer
775 2019 934 2092 inducitur,
956 2031 986 2081 et
1009 2023 1038 2081 in
1060 2023 1195 2084 adversa-

115 2115 169 2174 ries
183 2135 243 2176 non
255 2114 439 2176 mediocriter
449 2125 650 2193 exasperatos,
664 2113 716 2172 sed
732 2125 828 2174 tamen
843 2115 872 2173 id
887 2117 1039 2186 subtiliter,
1052 2131 1085 2178 ut
1098 2122 1197 2182 omnia

115 2209 266 2272 lacessitus
280 2210 374 2272 lacere
387 2209 530 2282 videatur,
544 2227 579 2272 se
594 2207 699 2270 dicere.
742 2208 799 2270 Hic
813 2211 938 2288 protasia
953 2199 1079 2286 subtilis,
1103 2215 1196 2296 epita-

115 2305 153 2362 sis
174 2305 365 2376 tumultuosa,
387 2303 574 2384 catastrophe
596 2323 681 2382 pane
704 2303 835 2381 tragica:
856 2314 887 2364 et
908 2314 1006 2366 umen
1027 2319 1146 2386 repente
1159 2329 1196 2369 ex

114 2398 157 2458 luis
169 2399 263 2459 turbis
283 2401 313 2458 in
338 2397 524 2478 tranquillum
548 2398 690 2478 pervenit.
732 2396 807 2456 idme
828 2399 922 2475 prima
942 2411 1008 2459 acts
1031 2412 1079 2461 est
1098 2402 1196 2463 ludis²

115 2492 343 2573 Megalensibus,
356 2495 400 2553 M.
415 2493 519 2554 Fulvio
545 2504 576 2553 et
590 2493 639 2552 -Μ,
662 2491 822 2552 Glabrione
843 2491 989 2552 AEdilibus
1012 2494 1195 2560 curulibus.²

113 2587 243 2666 Egeram
255 2589 288 2649 L.
303 2588 423 2648 Attiliua
443 2587 641 2647 Praenestinus
663 2597 693 2646 et
717 2585 749 2645 L.
764 2586 913 2646 Ambivius
926 2585 1044 2668 Turpio.
1085 2589 1195 2654 Modo·

112 2681 180 2742 lecit
193 2683 330 2756 Flaccus,
344 2682 461 2744 Claudii
475 2682 562 2754 filius,
579 2681 656 2742 tibiis
670 2681 800 2760 paribus,
813 2681 923 2741 dextris
937 2695 968 2742 ct
981 2683 1115 2746 sinistris.
1157 2687 1196 2745 Et

110 2789 156 2837 est
169 2788 233 2838 tota
246 2778 362 2850 (iresca,
385 2777 464 2838 edita
482 2777 527 2838 M.
542 2775 686 2838 Marcello
697 2785 729 2836 et
741 2776 797 2834 Cn.
812 2774 942 2852 Sulpicio
957 2777 1044 2836 Coss.
1060 2777 1195 2842 Pronno-

111 2871 240 2951 tiataque
263 2884 309 2933 est
333 2874 470 2933 Annam
495 2871 673 2943 Tnansrrr,
700 2871 738 2929 ob
760 2869 940 2947 incognitum
967 2869 1065 2933 adhue
1088 2893 1195 2936 nomen

111 2964 222 3037 Po‘e’tre,
241 2979 273 3028 et
296 2969 413 3028 minoris
432 2967 512 3046 apud
531 2966 671 3046 populum
685 2965 867 3026 auctoritatis
887 2983 921 3024 ac
945 2965 1048 3025 meriti.
1090 2967 1194 3028 Diser-

110 3061 162 3120 biis
177 3073 230 3122 aut
242 3061 390 3121 canticis*
409 3060 505 3144 lepide
520 3061 659 3121 distincta
670 3069 734 3120 est:
756 3070 797 3131 et,
819 3077 959 3119 successu
980 3069 1113 3144 spectata
1126 3081 1195 3144 pro·

110 3173 205 3232 spero,
225 3157 409 3222 hortamento
433 3157 535 3216 Poeta
561 3155 617 3214 luit
637 3153 676 3220 ad
701 3154 773 3214 alias
797 3155 1035 3216 conscribendas.
1077 3157 1194 3223 Initium

109 3259 205 3310 autem
219 3251 382 3328 remoreris
398 3255 554 3325 episoma,
574 3248 604 3310 id
625 3259 682 3322 est,
703 3247 890 3310 adventitiam
916 3268 1070 3326 personam
1084 3257 1195 3335 recepit

109 3343 212 3416 Sosim,
226 3355 345 3424 propter
357 3345 548 3408 evolvendam
563 3343 725 3423 argumenti
738 3342 956 3404 obscuritatem.
996 3345 1127 3410 Persona
1141 3369 1193 3408 au-

107 3449 165 3496 tem
178 3441 324 3518 protatica
336 3459 372 3500 ea
384 3440 566 3518 intelligitur,
589 3459 666 3519 qum,
691 3439 781 3499 semel
799 3437 922 3498 inducta
935 3440 964 3499 iu
978 3442 1120 3522 principio
1136 3445 1192 3502 Fa·

105 3533 193 3606 buloe,
207 3535 237 3593 in
252 3535 341 3594 nullia
356 3535 495 3615 deinceps
510 3535 630 3594 Fabulae
644 3535 775 3614 partibus
789 3534 952 3595 adhibetur.
981 3538 1191 3598 Annotandurn

105 3645 189 3700 sane,
203 3629 387 3708 puellarum⁵
402 3631 564 3694 liberalium
574 3629 684 3692 nullam
695 3629 856 3692 orationem
870 3630 899 3688 in
914 3632 1067 3708 proscenio
1080 3631 1191 3704 induci,

135 3819 148 3863 1
168 3815 205 3866 Et
215 3831 231 3866 u
242 3817 306 3868 dant
316 3817 377 3872 edd.
389 3819 483 3883 Detnb.
494 3826 522 3870 at
532 3819 563 3870 Ζ.
698 3822 714 3866 t
731 3815 854 3868 Diserlis's
863 3816 1013 3869 cambia
1032 3814 1076 3870 sic
1088 3815 1191 3880 quidem

132 3893 149 3938 2
164 3889 228 3942 Vct.
238 3891 297 3942 cod.
308 3892 382 3944 Patr.
392 3893 511 3944 Danielis
521 3895 581 3944 Hae
588 3909 627 3956 pr.
666 3905 755 3944 omnes
765 3891 857 3955 scripti
867 3891 934 3940 libri.
967 3891 1085 3944 sednon
1100 3892 1192 3942 dubito

96 3962 221 4024 statuent,
236 3966 369 4015 malado.
385 3966 459 4017 Lind.
668 3966 730 4030 quin
748 3979 809 4014 vera
827 3967 860 4014 alt
876 3963 1021 4016 emendatio
1036 3967 1109 4016 baec:
1131 3968 1190 4018 Dte.

132 4040 148 4086 8
166 4036 212 4086 ΑΙ.
228 4039 270 4088 Μ.
281 4039 367 4090 Fuluio
375 4041 452 4104 odite,
468 4045 492 4090 et
511 4041 549 4090 Μ.
568 4041 627 4091 Gla·
666 4040 823 4090 suamab.
840 4038 881 4088 tt.

102 4109 191 4174 brim,
212 4113 244 4167 Q.
262 4111 369 4162 Minucio
391 4113 484 4164 Valerio
502 4113 628 4166 caulibus.
700 4115 898 4165 adnectendam
906 4114 1118 4178 acaemitorum]
1133 4117 1191 4168 Fal-

100 4180 140 4234 Μ.
668 4205 723 4240 sum
734 4196 784 4250 est,
799 4188 926 4254 qnodlroe
938 4189 993 4240 loco
1008 4191 1191 4242 monctDens·
