2966 4890
477 395 527 446 su
550 395 690 448 unrnrs
713 373 898 450 oosrrors.¹
1151 388 1220 456 w

125 533 229 596 ultima
243 552 305 596 oua
318 534 443 614 ampliss
455 535 597 610 ultimum,
610 536 665 598 eorl
674 539 713 600 ub
727 537 1002 604 ultimusecunulsm
1014 539 1117 604 sfflom
1129 560 1220 606 occu·

125 640 194 710 pst:
216 649 243 689 e.
258 649 289 708 g.
304 630 346 702 in,
360 630 444 704 Deoe,
458 631 572 691 acuitur
586 632 689 711 primo,
700 633 730 692 in
745 635 889 713 Demque,
903 635 1044 698 secunda.

166 727 270 798 Sexto,
292 724 517 805 iudissyllabis,
531 743 655 804 quorum
668 727 747 806 prior
769 730 864 790 breuis
887 742 944 802 est,
965 732 1058 794 ultore
1070 731 1171 814 bugu,
1194 736 1219 796 si

126 837 240 880 onoma
252 820 283 880 in
295 819 429 882 dirarum
449 820 540 899 pedes
554 821 766 895 diruebantur,
777 833 917 886 occentus
932 826 1099 890 necessario
1112 827 1220 907 migret

125 915 154 974 in
167 915 319 985 ultimam
332 916 415 996 quod
429 916 496 978 ideo
506 917 619 980 licitum
634 917 700 990 suut,
713 919 784 998 quis
796 919 858 980 lieri
872 939 931 982 uon
945 931 1061 1000 poterut
1072 932 1107 982 ut
1121 924 1218 1003 polites

123 1009 182 1072 huc
203 1011 400 1074 Mnuonon
413 1021 586 1082 uterenturc
606 1013 673 1094 ipss
696 1015 781 1078 metri
804 1016 964 1080 mcesritss
979 1027 1112 1081 excusat.
1153 1019 1219 1082 Neo

123 1107 209 1168 uitari
238 1117 340 1187 potest
369 1110 403 1170 in
430 1109 561 1189 cujusvis
587 1110 706 1189 generis
736 1110 878 1184 iambicis,
905 1113 1022 1197 quoties
1049 1133 1152 1178 versus
1179 1115 1218 1178 ob

124 1202 296 1282 hujusmodi
309 1224 382 1266 rone
402 1205 521 1286 iurs'pitr
545 1215 587 1280 st,
608 1206 678 1268 siin
700 1208 789 1270 telem
809 1206 938 1281 desinas,
952 1227 1146 1289 quocumque
1159 1229 1217 1272 vox

123 1300 320 1377 presumserit,
334 1301 438 1362 mtimn
451 1300 515 1380 ejus
529 1301 683 1382 syllabast
695 1301 788 1382 longe
805 1302 856 1375 sit,
878 1304 1015 1366 anemis
1030 1304 1148 1368 divulsa
1166 1307 1219 1370 fist

125 1395 220 1474 prims
243 1395 329 1476 ped‘n
357 1397 466 1470 cretici,
490 1395 628 1474 deoque
657 1396 689 1458 iu
716 1397 935 1476 pronuntiando
962 1407 1102 1463 acuetur:
1135 1401 1218 1479 qunrl

125 1491 205 1554 ruet
218 1491 307 1552 stium
319 1491 351 1550 in
372 1491 528 1554 trochaicis
541 1491 732 1565 conlectio),
748 1493 800 1572 quii
821 1493 878 1556 hec
893 1495 922 1556 ic
935 1504 1019 1576 parto
1033 1495 1071 1558 uls
1083 1495 1217 1560 municio

124 1585 197 1646 nihil
211 1585 362 1648 differunt.

163 1681 309 1760 Septimo,
321 1682 353 1758 in
367 1681 527 1762 trisyllabis
540 1682 625 1744 metri
639 1683 770 1746 conditio
783 1683 930 1746 inludunt
943 1695 1039 1748 mutat
1051 1695 1217 1761 murm,

123 1775 256 1856 iecitque
278 1788 313 1838 ut
334 1797 351 1839 e
371 1779 467 1857 primu
487 1780 517 1838 in
541 1779 703 1840 secundem
726 1779 849 1858 migretr
884 1800 953 1842 cum
972 1781 1086 1846 scilieet
1103 1782 1219 1863 syllaba

123 1873 221 1934 bruris
233 1883 305 1936 cote
322 1887 435 1937 mcum
456 1886 487 1936 ot
509 1875 653 1956 liquidum
677 1875 867 1956 producitur:
897 1886 932 1938 ut
956 1878 980 1940 ri
999 1877 1163 1942 uccuodom
1174 1879 1217 1949 is,

123 1969 269 2044 volucres,
282 1971 440 2050 producas,
462 1991 531 2051 quta
555 1981 638 2033 extra
658 1984 783 2032 metrum
797 1983 828 2033 et
852 1973 882 2032 in
905 1993 955 2036 oro
977 1975 1078 2053 pupuli
1099 1993 1217 2054 semper

124 2065 296 2146 corripitur:
318 2067 372 2128 ssd
386 2068 526 2128 nonlicet
539 2079 645 2128 contra
657 2067 687 2126 in
701 2067 860 2145 trisyllabis
876 2079 1030 2129 accentum
1052 2091 1068 2132 e
1083 2071 1216 2132 secunda

122 2161 153 2220 in
173 2163 298 2241 primum
319 2162 366 2224 rel
387 2163 503 2224 tertiam
530 2182 657 2236 movere,
684 2163 870 2242 mediamque
895 2165 966 2225 licet
992 2165 1138 2243 positione
1151 2166 1217 2226 sola

122 2257 244 2336 longam
267 2261 427 2340 corripere;
456 2279 522 2319 cum
550 2279 587 2320 co
610 2259 742 2338 legitima
762 2259 973 2344 pronuntiandi
995 2261 1069 2320 ratio
1093 2263 1215 2322 nimium

123 2352 302 2428 immutetur,
326 2374 380 2416 nec
404 2355 616 2416 immutationis
640 2353 750 2414 idonea
777 2355 850 2414 setis
879 2373 970 2414 causa
991 2355 1131 2428 audienti,
1155 2376 1215 2435 quo

122 2448 220 2508 minus
234 2449 409 2523 offendetur,
423 2469 455 2510 se
469 2449 617 2512 ostendat.
653 2449 708 2508 Est
721 2448 839 2528 quidem
853 2449 903 2509 ubi
917 2449 1042 2509 Plautus
1056 2449 1112 2512 linc
1125 2452 1214 2512 etiem

123 2542 242 2605 licentia
255 2547 356 2620 utitur,
370 2546 423 2607 sed
438 2549 576 2626 porcium
598 2565 625 2606 e.
640 2566 671 2625 g.
686 2546 713 2604 vi
727 2565 838 2618 eorum,
853 2565 921 2624 qure
935 2555 1040 2624 quarto
1054 2546 1121 2610 loco
1135 2547 1216 2608 dicte

123 2649 202 2714 snut,
216 2642 361 2722 corripere
379 2643 450 2704 licet
474 2641 635 2704 secundam
659 2643 702 2718 in,
716 2642 887 2721 voluptatis,
909 2640 1035 2700 sednon
1055 2640 1132 2704 idem
1146 2643 1216 2703 licet

121 2734 162 2808 in,
177 2737 325 2818 voluptas,
339 2741 472 2818 quamvis
485 2740 543 2800 hoe
555 2759 673 2819 quoque
688 2759 705 2798 a
720 2738 827 2798 Plauto
841 2737 951 2815 sapius
964 2737 1026 2796 fiat.

164 2831 265 2892 Unum
279 2853 364 2912 porro
375 2834 552 2894 monendum
568 2843 704 2912 superest
717 2831 755 2890 de
769 2830 1007 2911 pronuntiatione
1017 2847 1214 2892 consonarum

120 2926 130 2984 i
145 2937 176 2986 et
188 2947 219 3000 u,
233 2913 301 3006 quse
316 2947 375 2988 non
395 2938 456 2990 tem
471 2929 544 2990 dure
566 2927 723 2989 offerendae
737 2935 817 2996 sunt,
833 2945 868 2984 ao
883 2925 962 3004 apud
977 2943 1031 2984 nos
1045 2925 1106 2985 lieri
1127 2926 1213 3000 solet,

120 3022 174 3082 sed
188 3021 322 3085 molliore
335 3043 421 3098 sono,
436 3026 544 3103 quique
556 3023 688 3104 proxime
709 3019 832 3082 accedat
857 3019 895 3078 ad
909 3019 991 3079 illum
1005 3039 1064 3100 quo
1084 3039 1213 3099 pronun·

119 3117 228 3178 tiamne
242 3139 263 3198 y
275 3130 307 3182 et
318 3139 363 3189 νς
385 3119 467 3200 quud
480 3130 512 3180 st
523 3121 562 3179 ab
578 3119 642 3179 ullis
665 3117 776 3179 dudum
790 3119 976 3179 observatum
999 3127 1056 3186 est,
1070 3129 1213 3178 utrorum

117 3230 186 3271 esse
208 3212 327 3274 abunde
351 3225 470 3275 constat
497 3233 534 3274 ex
556 3214 783 3274 resolutionibus
806 3213 984 3296 syllabarum
1007 3231 1075 3290 quos
1096 3211 1213 3273 abistis

114 3307 210 3370 literis
231 3309 477 3391 incipiuntque
498 3329 650 3389 nunquam
673 3319 734 3369 tam
756 3309 867 3368 crebros
888 3308 1065 3380 fuissentin
1089 3306 1212 3368 Veteres

114 3403 217 3465 literar
232 3424 284 3466 eus
297 3405 402 3466 eodem
415 3425 476 3487 quo
490 3425 545 3468 nos
568 3405 657 3466 modo
678 3405 937 3485 pronuntiassent:
959 3423 1025 3463 cum
1041 3402 1134 3482 majus
1149 3412 1211 3462 tum

114 3499 226 3561 fuisset
245 3501 321 3562 inter
341 3502 475 3582 ejusdem
500 3502 593 3562 literae
618 3519 719 3573 sonos,
744 3500 851 3580 quibus
871 3517 950 3560 nuno
974 3517 1117 3567 consona,
1131 3517 1211 3556 nunc

112 3597 228 3657 suculis
248 3595 410 3668 offerretur,
436 3597 605 3669 mrum,
628 3615 717 3675 qnam
743 3595 824 3674 quod
845 3615 886 3656 cu
911 3595 1007 3654 ultore
1030 3591 1060 3652 is
1088 3591 1211 3654 ulmum

110 3693 274 3752 transitum
297 3691 385 3754 {uuile
404 3692 469 3772 peti
488 3691 649 3772 potuisset:
682 3709 750 3769 eg.
779 3690 865 3762 inter,
876 3690 999 3770 pariete,
1020 3697 1063 3760 et,
1085 3687 1210 3766 perg‘me,

109 3785 269 3868 morundo
283 3805 339 3849 uos
360 3786 519 3860 efferimus,
540 3786 714 3867 pernimium
726 3785 866 3852 interest:
895 3785 981 3856 inter,
1006 3782 1127 3860 perisse,
1141 3801 1210 3842 soro

108 3896 153 3956 et,
169 3893 304 3964 perpete,
318 3902 421 3963 purum
441 3883 621 3947 admodum:
648 3882 704 3956 sie,
718 3880 829 3952 tenuia,
850 3880 1037 3950 octennis,
1057 3875 1211 3938 idsml'em

104 3989 237 4052 sonum,
251 3978 316 4052 sed,
329 3980 439 4052 tenuia,
453 3980 692 4054 saucacorum
704 3995 772 4050 vau,
781 3994 855 4036 sono
866 3973 991 4034 malmin
1000 3971 1117 4036 diversa
1127 3983 1210 4035 sunl.

103 4077 215 4156 Atque
228 4075 295 4136 huc
308 4075 475 4138 obruvmm
488 4075 528 4138 de
541 4076 616 4136 reris
629 4075 734 4136 harum
749 4074 898 4135 literarum
910 4072 994 4132 cunis
1005 4080 1055 4130 est
1073 4069 1210 4130 norimus

98 4191 197 4254 sepe
209 4171 363 4234 utilitatis:
382 4190 401 4232 s
415 4187 659 4234 rerumrerum
672 4169 718 4232 sie
739 4167 921 4251 prooemiari
938 4167 1034 4230 solers
1045 4165 1209 4230 durum
