3012 4892
479 399 614 451 vreron
638 403 686 452 nr
709 403 901 456 connum.
1192 390 1237 460 tu

143 537 350 618 undecumque
363 539 419 600 sibi
443 542 619 604 conveniens
633 545 825 623 ἅττστὶρρηρσ
839 543 916 606 solet
928 543 1047 606 bebere.
1088 544 1236 614 Quoniam

143 637 297 716 utrobique
308 637 371 696 lere
385 655 499 716 semper
512 639 620 700 chorus
633 659 671 700 cx
684 640 788 700 lambio
798 651 967 702 tetrametro
975 640 1124 702 sexdecim
1134 643 1239 704 modu·

141 731 261 804 leretur,
275 741 372 794 totum
385 732 443 794 boc
457 734 543 795 simul
554 737 667 817 χορσσόν
677 735 852 817 appellatur,
866 736 986 817 quando
997 737 1157 798 Comoedia
1172 759 1239 818 par·

140 839 200 888 tern
213 829 354 889 volumus
378 830 546 910 assignare:
577 842 707 911 quetnor
729 833 808 893 enim
829 843 908 905 sunt,
929 833 1069 894 videlieet
1091 838 1239 912 σρόλσγσσ,

140 927 193 1005 qui
207 924 248 984 ad
258 945 413 1005 egressum
424 945 519 1006 usque
533 927 615 988 chori
626 939 800 1008 prorogatur
812 949 820 988 r
834 929 943 990 deiude
953 929 1086 1010 χοριτὸτε
1107 942 1147 1003 ct,
1156 931 1238 1010 quod

138 1021 336 1101 interponitur
359 1021 468 1095 choris,
491 1023 668 1084 turatino:
699 1035 850 1104 postremo
872 1025 974 1099 ἔξοδοσ,
996 1047 1063 1106 quse
1084 1027 1197 1088 scilicet
1220 1045 1239 1088 a

138 1117 232 1178 cbero
246 1117 277 1178 in
291 1116 374 1178 calce
389 1119 551 1180 Comoedia
564 1121 779 1201 pronuntietur,
803 1132 838 1182 ut
852 1121 959 1182 Pollux
982 1121 1012 1180 in
1027 1132 1132 1202 quarto
1146 1124 1238 1204 serip-

139 1225 202 1274 tum
224 1213 357 1293 reliquit.
399 1215 444 1275 Ea
465 1215 553 1294 igitur
573 1215 745 1294 σορᾶβσσισ,
770 1228 890 1278 auctore
916 1218 1065 1278 Demetrio
1089 1217 1238 1290 Triclinio‚

138 1329 208 1390 quse
221 1311 323 1372 nolles
336 1311 440 1371 barum
454 1323 554 1391 partes
568 1313 688 1384 omittit,
701 1313 834 1392 perlecta
850 1312 926 1374 solet
939 1313 1099 1393 appellari:
1119 1313 1238 1392 qualern

138 1407 357 1486 Aristophanes
368 1407 398 1466 in
413 1407 570 1486 Equitibus
587 1409 698 1469 Fabula
708 1409 906 1472 concinnavit.
948 1409 1058 1468 Verum
1069 1409 1236 1489 comploret

138 1501 312 1582 imperfecte
324 1523 379 1583 pro
389 1504 507 1564 arbitrio
521 1507 673 1585 poetarum
687 1506 873 1566 inseruntur:
895 1503 926 1564 id
940 1503 1020 1587 quod
1039 1503 1117 1566 idem
1130 1505 1161 1564 in
1177 1505 1239 1566 Ne-

140 1597 220 1658 bulis
232 1597 349 1659 Fabula
360 1597 449 1659 lecit:
463 1599 513 1659 ubi
528 1601 624 1660 solum
638 1602 788 1682 ἕτίρῤτμσ,
802 1599 882 1680 quod
896 1610 977 1660 esset
989 1599 1067 1660 vitiis
1080 1599 1237 1680 carpendis

140 1691 409 1766 accommodatum,
420 1693 591 1768 induxit,ac
604 1695 634 1754 in
645 1695 739 1755 lienis
754 1705 881 1774 quatuor
894 1695 945 1754 illa
956 1703 1070 1755 tanturn
1081 1695 1238 1775 conjuncte

141 1789 285 1870 reposuit.
321 1787 382 1850 Sed
396 1789 468 1850 illud
483 1800 530 1850 est
543 1791 796 1852 animadversione
809 1791 943 1870 dignum,
957 1790 1038 1870 quod
1053 1793 1194 1870 ἐπίρρημα
1208 1801 1239 1852 et

142 1889 246 1964 στροφὴ
258 1886 321 1946 sive
333 1890 431 1964 μίλοσ,
449 1887 570 1965 quando
594 1887 705 1948 nullam
719 1891 959 1966 dnsrrp‘ipnror
983 1897 1036 1948 eut
1054 1887 1238 1969 ἀντιστρόφου

140 1981 315 2043 reditionem
330 1992 499 2062 expectent,
521 1983 551 2042 in
574 1983 632 2044 tine
653 2003 769 2064 semper
781 1983 894 2044 babent
909 1984 1106 2063 ropdypnpnv,
1131 1991 1238 2044 utnon

142 2097 208 2140 esse
221 2080 409 2159 κατάσχεσιν,
424 2077 526 2152 idest,
546 2079 673 2140 obnoxie
690 2079 789 2160 posita
802 2079 976 2140 videantur:
997 2077 1238 2159 quandoquidem

141 2177 207 2235 brec
219 2175 302 2235 lineo
314 2185 484 2234 transverse
495 2176 676 2256 τορόγρσφσσ
698 2175 822 2248 scilicet,
843 2175 900 2236 trie
921 2175 982 2246 illa.
1007 2194 1075 2254 qum
1099 2172 1237 2247 diximus,

142 2269 403 2331 intersediscreta
415 2271 557 2331 continuo
575 2271 696 2331 clandit.
737 2271 857 2343 Verum,
882 2270 908 2330 si
929 2271 1057 2330 futuram
1081 2279 1239 2348 expectent

143 2365 327 2436 reditionem,
352 2371 455 2446 στροφὴ
478 2377 541 2426 tum
554 2367 621 2427 boec
642 2367 729 2440 linea,
754 2386 823 2428 curn
846 2385 906 2426 non
921 2385 1007 2426 secus
1029 2384 1065 2425 ec
1086 2365 1238 2446 intpinpn,

142 2461 258 2521 duabus
272 2460 340 2522 aliis
353 2461 536 2534 terminetur,
549 2481 672 2540 quarum
687 2461 857 2523 coeuntium
871 2459 999 2541 angulus
1010 2469 1114 2539 vergat
1132 2460 1237 2520 intror·

142 2576 227 2618 sum:
247 2565 353 2617 contra
370 2575 438 2616 vero
460 2559 640 2639 ἀντίστροφοι
661 2557 744 2620 lineis
765 2557 914 2620 clauditur
935 2556 1023 2629 binis,
1046 2575 1170 2636 querum
1188 2575 1239 2617 ex·

143 2663 270 2714 trorsmn
285 2652 401 2732 utrique
419 2651 519 2732 anguli
532 2663 666 2732 uergant,
690 2653 760 2714 binc
782 2653 853 2714 inde
874 2651 964 2712 iinele
984 2652 1157 2724 membrum,
1174 2669 1239 2712 cer-

142 2769 208 2810 men
223 2748 340 2810 scilicet
352 2749 485 2809 ultimum
509 2749 730 2830 amplectentes.
771 2750 882 2810 Verum
905 2747 995 2808 exiis
1018 2745 1165 2804 duntaxat
1178 2763 1239 2806 uno

144 2846 221 2906 solet
231 2849 429 2926 dvrsoetppqpn
443 2845 590 2908 concludi.
634 2847 710 2914 Qum
723 2845 811 2924 plane
834 2843 930 2922 signa,
955 2851 1045 2920 prout
1058 2839 1161 2918 anguli
1173 2857 1238 2902 sese

143 2941 264 3016 babent,
277 2941 325 3001 vel
338 2942 475 3014 futuram,
499 2941 546 3001 vel
560 2940 737 3022 praeteritam
761 2937 935 2999 reditionem
957 2935 1131 2998 ostendunt.
1172 2935 1240 3000 Hoc

145 3037 316 3098 Demetrius
337 3037 388 3097 ille
409 3035 565 3096 Triclinius
589 3036 720 3098 scribens
745 3035 775 3094 iu
801 3032 1029 3112 Aristophanem
1050 3032 1239 3112 excogitavit.

144 3132 356 3194 Verumtamen
377 3131 453 3192 inter
465 3143 572 3193 centus
591 3135 688 3212 pnite:
709 3149 922 3211 nonnunquam
947 3147 1091 3210 personas
1112 3127 1239 3192 educere

144 3230 253 3301 solent,
280 3247 405 3310 quatum
432 3228 600 3290 dissertatio
627 3229 756 3306 mlnrqpo
786 3233 857 3288 sord
880 3230 1032 3306 περικοπὴν
1054 3225 1239 3305 appellatum

143 3323 295 3385 interdurn
310 3323 441 3384 versibus
461 3323 580 3385 alternis
594 3323 808 3384 contendentes
827 3323 940 3404 aliquot
957 3323 1108 3404 proferunt
1121 3321 1239 3382 histrio-

146 3439 211 3493 nes,
230 3419 279 3478 vel
299 3418 421 3479 chorum
441 3419 530 3479 etiarn
550 3418 796 3501 respondentem:
819 3419 901 3498 qnod
916 3417 1110 3500 llepbrestion
1123 3415 1239 3476 uidetur

144 3518 368 3596 ἀλλοιόστροφσν
381 3513 539 3596 appellare.
582 3515 692 3576 Verum
710 3515 765 3575 bas
779 3526 810 3576 et
823 3517 897 3576 alies
911 3513 1048 3594 consulto
1065 3511 1239 3594 praetermit-

145 3611 252 3672 tendns
266 3629 335 3672 esse
349 3612 470 3672 arbium
484 3613 677 3692 questiones,
700 3630 769 3693 quen
790 3612 865 3672 mira
877 3614 1030 3692 poetarum
1043 3609 1161 3672 licentia
1172 3608 1239 3688 gig·

144 3717 275 3768 nuutrrr:
296 3707 505 3768 constatenim
529 3707 588 3770 illis
611 3709 684 3770 nibil
706 3727 837 3790 unquam
860 3727 920 3768 non
936 3706 1114 3768 audendum.
1156 3701 1240 3773 Quo·

144 3805 222 3865 cirea
236 3803 334 3875 nobis,
348 3803 388 3864 de
399 3803 488 3866 cboro
502 3807 626 3866 certiore
639 3805 829 3878 consecteu's,
850 3823 904 3884 pro
917 3802 1040 3866 materia
1053 3801 1126 3860 sutis
1146 3799 1239 3860 abun·

143 3901 241 3980 deque
255 3899 370 3960 dictum
383 3919 450 3960 esse
460 3900 603 3974 rideatur,
614 3899 762 3980 quornodo
773 3899 936 3978 praesertim
949 3899 979 3957 in
989 3897 1075 3956 Noun
1085 3891 1241 3954 Coruoedia

144 3997 253 4060 chorus
266 3995 383 4056 nullum
396 3995 504 4058 babeat
516 3996 563 4056 uel
575 3997 683 4056 babere
696 3995 826 4076 potuerit
839 3993 947 4053 locum.
982 3988 1132 4070 Siquidem
1146 3987 1239 4050 Athe·

143 4094 197 4166 nis,
212 4111 283 4154 curn
298 4089 399 4152 omnia
412 4093 592 4169 potentiores
606 4091 646 4152 ad
660 4091 809 4152 arbitrium
824 4107 911 4148 suurn
924 4105 1061 4148 revocare
1071 4086 1239 4164 coepisseut,

141 4187 215 4250 nulli
228 4187 360 4269 amplius
374 4188 548 4250 creabantur
562 4187 695 4250 AEdilns:
717 4183 898 4267 perindeque
910 4182 1055 4246 sumtibus
1064 4181 1104 4246 sd
1114 4180 1239 4246 aleutlm
