2948 4890
413 415 461 464 ou
486 413 626 465 aureis
649 411 922 466 renunciante.
1147 406 1212 474 sus

118 559 214 620 lectici
228 558 355 619 suerint:
377 559 483 637 quibus
508 559 538 618 in
563 557 635 618 locis
656 557 773 618 iambici
797 559 935 632 iambum,
954 566 985 619 et
998 560 1138 622 trochaici
1152 571 1211 624 tro·

120 655 232 716 chaeum
246 655 363 734 proprie
375 655 547 734 requirunt:
568 665 667 714 mmeu
682 655 710 712 in
726 655 963 716 catalecticorum
978 657 1097 735 regione
1108 661 1213 737 penul·

122 749 190 812 tima
203 749 449 830 brachysyllahus
464 760 495 810 et
518 768 730 828 nonuunquam
755 748 890 830 dactylus
912 769 965 829 pro
979 751 1110 812 trocheso
1122 753 1213 814 collo·

123 857 244 908 cantur:
266 858 356 926 etque
375 867 430 928 pro
450 847 546 906 iambo
561 847 656 924 quivis
682 865 746 925 pes,
770 847 818 906 cui
840 848 870 906 in
895 849 999 908 ceteris
1022 850 1213 912 iambicorum

122 943 239 1004 sedibus
261 943 382 1004 daretur
402 943 502 1002 locus:
532 943 563 1001 in
583 942 687 1002 ultima
709 962 778 1002 vero
802 943 1041 1005 catalecticomm
1063 946 1135 1007 sede
1159 965 1213 1026 pro

122 1039 217 1100 iambo
231 1039 261 1098 in
274 1038 417 1110 iambicis,
430 1048 461 1098 et
480 1057 534 1118 pro
557 1038 688 1099 trochreo
709 1040 739 1098 iu
754 1039 911 1100 trochaicis
934 1043 1053 1120 ponitur
1076 1043 1214 1125 semipes,

122 1135 176 1195 hoe
190 1144 247 1204 est,
260 1133 356 1214 prima
378 1132 464 1213 pedis
487 1133 566 1194 illius
580 1133 713 1214 syllaba:
744 1153 849 1214 nempe
871 1136 967 1196 brevis
989 1156 1043 1215 pro
1063 1137 1170 1213 iambo,
1184 1149 1216 1202 et

123 1249 172 1310 pro
185 1229 320 1290 trochaeo
333 1227 443 1308 louge:
465 1228 530 1303 sed,
552 1250 620 1291 oum
641 1230 771 1310 cujusvis
789 1249 892 1291 versus
915 1232 1018 1292 ultima
1042 1233 1081 1294 sit
1095 1247 1214 1314 anceps,

124 1325 285 1404 propriore
299 1325 398 1397 iambi,
411 1324 520 1404 louge3
553 1334 584 1385 et
596 1337 710 1398 contra,
723 1327 818 1386 brevis
837 1347 890 1405 pro
912 1328 1006 1408 prima
1018 1328 1140 1390 trochei
1154 1329 1216 1390 col·

124 1421 245 1482 locetur.
288 1420 477 1500 Pyrrhichius
504 1421 593 1482 etiam
620 1424 649 1482 in
674 1423 806 1483 iambicis
827 1424 1026 1485 ecamlectieis
1046 1445 1100 1504 pro
1120 1426 1216 1484 iambo

124 1517 256 1578 ultimum
282 1516 381 1577 locum
403 1527 549 1597 occupat:
578 1527 609 1578 at
632 1517 702 1577 alibi
725 1537 872 1598 nusquam
891 1518 1002 1579 visitur.
1044 1519 1219 1581 Proceleus·

125 1614 328 1674 meticusraro
342 1631 408 1672 sese
432 1613 538 1673 offert:
566 1613 593 1673 ei
616 1623 714 1673 mmeu
739 1609 821 1673 nullo
843 1611 1007 1693 refragante
1028 1613 1115 1675 datur
1134 1615 1217 1676 locus

125 1711 194 1770 etin
208 1709 343 1770 iambicis
357 1717 389 1768 et
408 1708 440 1767 in
458 1707 626 1769 trochaicis.
668 1707 813 1780 creticos,
837 1707 1073 1788 amphibrachos,
1096 1719 1127 1771 et
1148 1713 1218 1772 bac·

125 1807 203 1868 chios
217 1805 339 1885 quidam
355 1805 473 1865 omnino
487 1813 648 1884 respuunt:
669 1803 736 1864 illos
752 1804 801 1864 alii
815 1823 893 1884 aegre
907 1805 1026 1883 quidem
1040 1805 1218 1866 admittunt:

126 1903 175 1963 sed
189 1922 243 1963 eos
257 1921 378 1982 prorsus
391 1899 565 1980 rejiciendos
579 1917 767 1980 nequaquam
780 1909 912 1960 censent.
955 1899 1020 1959 Nos
1035 1900 1144 1981 ubique
1158 1903 1219 1962 lere

125 2019 181 2078 quo
199 2007 291 2079 pacto
304 1997 452 2057 ethorum
467 2005 497 2056 et
518 1994 634 2055 illorum
653 1995 755 2074 opinio
769 1990 888 2055 defendi
901 2007 1005 2076 posset
1018 1996 1220 2070 indicavimus,

126 2095 173 2154 uni
182 2093 283 2154 versui
292 2092 369 2152 duos
377 2091 685 2152 dimensionismodos
696 2092 884 2170 assignantes
892 2091 930 2151 ed
941 2113 1008 2152 eum
1020 2112 1114 2172 usque
1123 2093 1221 2154 locum

126 2190 174 2267 qui
188 2188 384 2249 dissensionis
398 2197 479 2248 esset
491 2189 648 2248 terminus:
670 2207 750 2268 saepe
764 2189 853 2248 etism
868 2187 907 2246 ad
921 2207 983 2248 rem
992 2188 1089 2267 ipsam
1104 2189 1221 2267 plenius

127 2283 345 2365 explanandam
370 2283 549 2344 brevissimis
570 2281 690 2343 scholiis
714 2281 866 2342 adhibitis.
906 2283 950 2342 Ac
971 2282 1083 2361 primus
1102 2283 1222 2362 quidem

126 2381 242 2454 modm,
256 2401 327 2460 quas
339 2389 399 2440 tres
418 2381 473 2440 hos
487 2379 578 2460 pedes
592 2379 704 2458 recipit,
718 2378 838 2458 planus,
853 2377 989 2456 simplex,
1006 2376 1171 2457 expeditus,
1193 2389 1224 2438 et

128 2476 249 2538 uidens
262 2485 327 2536 est:
349 2495 409 2536 uon
430 2475 508 2534 euim
524 2476 607 2534 norit
628 2474 763 2534 insolitas
788 2483 819 2533 et
840 2491 960 2551 asperas
984 2473 1051 2532 illas
1072 2471 1224 2546 dioereses,

129 2591 304 2653 synaereses,
315 2581 349 2631 et
361 2571 480 2632 crebras
493 2569 643 2629 literarum
664 2567 812 2642 elisiones,
836 2587 905 2646 qum
928 2567 1090 2648 posteriore
1113 2567 1225 2629 dimen·

128 2669 220 2730 siouis
233 2667 349 2728 ratione
362 2667 399 2726 iis
423 2673 494 2726 sunt
507 2663 749 2744 perscrutandae:
780 2664 830 2742 qui
853 2663 937 2723 nulla
959 2683 1019 2723 non
1042 2663 1226 2734 diverticula,

127 2765 250 2844 quosvis
265 2763 427 2834 anfractus,
441 2771 472 2820 ct
485 2761 584 2822 ornnia
597 2760 726 2839 suffugia
739 2767 886 2838 quoerunt,
900 2776 960 2835 quo
974 2768 1106 2817 monstra
1119 2757 1170 2817 illa
1179 2761 1227 2835 (ut

128 2861 184 2940 ipsi
195 2858 370 2939 loquuntur)
380 2859 544 2917 citerorum
556 2853 666 2936 pedum
678 2853 795 2933 possint
808 2853 928 2912 esitare.
949 2849 1105 2932 Proecipua
1118 2851 1228 2931 effugia

129 2958 300 3016 consistunt
323 2953 354 3012 in
379 2951 562 3028 dieresibus,
587 2949 796 3031 syneresibus,
817 2957 847 3007 et
868 2947 1052 3007 elisionibus.
1102 2947 1227 3008 Dioeresi

128 3071 219 3112 unam
245 3049 390 3131 syllabam
413 3048 443 3106 in
469 3047 544 3108 duas
569 3045 721 3108 dividunt:
740 3064 810 3105 uos
835 3043 914 3103 hauc
941 3043 1058 3104 duobus
1085 3043 1116 3101 in
1144 3044 1229 3123 apice

129 3148 251 3226 punctis
264 3145 409 3224 appositis
423 3139 665 3222 designavimus:
686 3149 738 3200 ut:
755 3142 814 3212 cui,
829 3139 898 3211 Dei,
913 3137 973 3212 Dii,
990 3139 1065 3212 Diis,
1079 3139 1147 3212 iam,
1161 3159 1230 3200 cum

129 3263 148 3302 e
162 3241 376 3323 monosyllabis
404 3243 480 3302 liunt
499 3238 664 3318 disyllaba:
696 3237 813 3314 cuique,
833 3233 952 3308 deinde,
972 3234 1106 3313 proinde,
1130 3255 1229 3296 cume

129 3337 286 3419 disyllabis
308 3337 462 3419 trisyllaba
483 3334 664 3414 judicantur.
700 3329 847 3410 Synmresi
861 3329 937 3390 duas
952 3329 1080 3410 syllabas
1094 3331 1124 3389 in
1140 3350 1231 3394 unam

129 3433 322 3508 contrahunt,
341 3453 430 3513 quam
452 3433 510 3492 hac
534 3440 606 3490 nota
630 3428 716 3509 priori
736 3427 832 3487 vocali
857 3426 1044 3506 superposite
1070 3425 1231 3486 indicatam

130 3530 294 3596 voluimus.
338 3529 394 3589 llla
406 3529 496 3608 igitur
508 3537 539 3587 et
552 3545 680 3605 sequens
693 3523 816 3596 vocalis,
829 3543 896 3602 qum
911 3523 941 3582 in
954 3523 1021 3582 aliis
1035 3521 1131 3601 poetis
1143 3532 1231 3599 atque

129 3626 234 3686 inhoe
243 3626 330 3704 juxta
344 3625 470 3705 primum
484 3621 675 3682 dimensionis
689 3617 810 3680 modum
831 3617 907 3678 duas
925 3619 1076 3678 efficerent
1091 3615 1234 3698 syllabas,

128 3722 269 3782 inunum
290 3723 409 3794 cedunt
429 3739 497 3782 cum
520 3719 641 3779 alteram
665 3715 829 3778 sconsionis
853 3716 1009 3784 rationem,
1034 3733 1102 3791 qum
1117 3719 1234 3771 exteros

128 3818 200 3878 illos
213 3815 383 3898 pedesnon
404 3816 517 3896 recipit,
538 3815 732 3874 intuebimur:
754 3811 830 3872 utin
847 3809 997 3870 vocubulis
1020 3807 1233 3884 sequentibus:
1285 3843 1292 3856 ·

132 3917 222 3986 abeo,
253 3915 351 3986 ahiat,
374 3911 503 3982 reddam,
528 3910 640 3981 redeat,
668 3905 758 3978 adito,
778 3905 848 3976 libu,
877 3903 931 3973 his,
960 3903 1009 3973 tir,
1035 3899 1103 3972 lln',
1126 3900 1237 3972 aiebas,

130 4012 263 4081 alienus,
277 4009 356 4082 allis,
370 4005 549 4080 allo,audlo,
558 4005 679 4066 audiet:
701 4001 882 4072 circuitione,
893 3997 1047 4069 chemisse,
1058 4002 1237 4058 commeares

129 4107 289 4177 confiteor,
303 4105 419 4166 consilli
431 4101 522 4180 (idem
533 4099 678 4181 judicium
692 4097 729 4158 de
744 4094 864 4174 reliquis
876 4091 1011 4173 genitivis
1025 4091 1237 4171 singularibus,

130 4211 162 4264 st
177 4201 370 4265 nominativis
385 4199 546 4280 pluralibus
561 4196 646 4256 inii:
667 4203 711 4266 ut,
736 4189 858 4270 negotii,
880 4187 994 4269 gaudii,
1016 4188 1115 4268 pretii,
1129 4186 1240 4258 cetarii,
