2948 4890
491 368 541 418 ne
565 357 705 414 uernae
726 365 886 416 conarere.
1171 357 1236 426 m

149 511 296 576 cursionis
309 529 370 570 non
383 507 526 589 recipium
546 505 635 568 alum
649 524 737 584 quem
761 506 900 581 iambum,
920 517 953 568 et
970 509 998 570 ei
1011 527 1111 590 parem
1131 512 1235 575 tribu.

148 611 257 672 chum:
288 617 341 668 ant
368 605 393 666 ai
416 603 536 664 alterius
563 603 747 664 exhibuerint
769 604 853 664 metri
875 605 1022 683 speciem:
1052 606 1133 686 quod
1156 607 1235 683 dico,

148 706 284 786 exemplo
309 703 415 764 ladam
438 700 591 763 illustrius.
633 699 688 758 Est
713 700 744 758 iu
769 700 913 760 Eunucho
933 701 1060 762 Terentii
1080 704 1181 766 suan
1202 707 1234 768 in

147 804 242 883 prime
256 801 366 881 pagina
377 799 426 858 laic
440 817 541 858 versus
552 797 717 856 trimetrua:
739 796 872 868 excluut,
883 802 1008 870 rtvllctt,
1016 797 1154 860 rideam?
1173 809 1235 865 nen

147 907 174 958 sl
186 907 233 960 me
245 900 390 958 obsecret.
433 893 520 952 Hunc
535 893 630 972 incipe
643 891 740 960 ferire,
751 890 894 952 videberis
907 891 1029 953 heroum
1042 892 1150 956 habere
1158 896 1236 960 inter

147 1013 254 1053 manus
268 992 306 1052 ad
319 1007 477 1052 summam
490 989 594 1067 pruma
605 986 726 1068 syllabis
739 986 769 1046 in
782 999 932 1068 postremo
946 990 1075 1060 mutatis,
1086 1000 1167 1054 totus
1180 993 1237 1054 crit

147 1091 273 1150 herous:
296 1087 440 1158 Exclusit,
451 1095 580 1157 revocat,
600 1082 740 1144 redcaml
761 1103 819 1144 non
833 1084 860 1144 si
873 1103 939 1146 mea
951 1085 1012 1146 flet.
1052 1086 1165 1148 Ponam
1180 1087 1236 1151 du·

147 1187 227 1245 bium
241 1182 373 1245 secundo
391 1183 458 1242 loco
471 1179 586 1260 pedem,
607 1179 727 1258 propius
751 1178 902 1241 secedam.
945 1181 1040 1242 lleror
1055 1183 1161 1244 ttridce
1175 1204 1234 1246 cre·

146 1281 231 1343 litum
245 1278 451 1341 testoridem.
491 1278 585 1336 Varro
598 1277 627 1336 in
643 1294 706 1336 rar.
744 1274 902 1336 Clausulas
913 1295 1032 1356 quoque
1044 1277 1169 1358 prium
1182 1299 1235 1360 ap·

146 1377 272 1456 pullatas
283 1376 395 1447 dicam,
409 1375 489 1455 quod
502 1373 675 1434 clauderent
689 1372 875 1446 renuntiare,
888 1385 922 1434 ut
933 1374 1013 1454 epuil
1032 1375 1174 1438 Acciana:
1196 1397 1235 1440 aa

144 1473 210 1534 lrsec
219 1472 283 1552 jem
297 1471 380 1532 obliti
392 1482 464 1532 tunt
483 1469 640 1551 Phryges?
662 1470 880 1548 Nonnunquam
900 1471 938 1528 alr
958 1469 1004 1530 liis
1018 1471 1133 1532 initium
1143 1473 1188 1547 fir,
1201 1485 1236 1535 ut

144 1569 226 1648 apud
241 1568 412 1632 Caecilium:
433 1567 473 1626 Di
484 1569 556 1628 boni
567 1566 640 1646 quld
662 1565 740 1626 hoel
768 1565 858 1646 Apud
868 1567 1053 1628 Terentium:
1073 1567 1235 1632 &merim

144 1671 245 1725 lnlml.
288 1665 371 1726 ldem
385 1663 480 1724 Varro
493 1665 522 1722 iu
536 1663 642 1724 eodem
656 1662 707 1722 lib.
718 1682 782 1722 vir.
796 1661 834 1722 dc
855 1662 969 1743 Lingua
981 1663 1086 1726 Latina
1099 1664 1138 1725 ad
1153 1665 1234 1726 llar-

144 1760 251 1822 cellum
267 1761 311 1822 sic
325 1761 418 1820 dicit:
450 1761 511 1820 Aut
520 1761 551 1819 in
566 1769 726 1820 extremum
741 1759 888 1820 maenum
901 1759 1023 1820 totidem
1035 1761 1233 1842 semipedibus

143 1857 268 1936 adjectis
281 1859 334 1918 liat
346 1858 476 1917 comicae
490 1855 664 1934 quadratus,
678 1865 712 1915 ut
724 1855 792 1916 hic:
815 1856 886 1916 lleri
899 1855 1010 1936 aliquot
1022 1855 1234 1919 adolescentuli

145 1953 257 2013 ωἰιιυι
271 1955 302 2012 in
317 1953 439 2014 Piraeeo.
463 1952 621 2012 Trimetror
636 1971 737 2012 verena
751 1953 890 2014 iambicos
905 1953 1032 2013 Terentii
1048 1964 1079 2014 ct
1094 1953 1190 2015 Plauti
1203 1966 1235 2016 et

143 2059 307 2110 ceterorum
319 2051 497 2110 comicorum
522 2059 553 2109 et
574 2051 751 2128 tragicorum
776 2047 820 2110 Μ.
834 2047 947 2109 Tullius
970 2049 1099 2110 marios
1119 2048 1235 2112 dicitet

145 2145 287 2206 nominet.
328 2145 529 2214 Quintilianus
550 2145 638 2204 etiam
662 2145 810 2205 trimetros
827 2145 957 2205 sonemus
981 2143 1153 2205 nominarit.
1195 2145 1233 2206 Et

144 2241 264 2302 Flavius
278 2243 376 2321 Caper
388 2243 417 2302 in
442 2242 560 2302 Artibus
584 2241 645 2300 suis
659 2241 805 2302 trimetros
823 2259 925 2302 remus
949 2240 1090 2300 iambicos
1105 2239 1234 2305 Terentii

143 2339 274 2398 marios
288 2337 457 2418 appellavit
500 2337 546 2397 De
560 2337 660 2397 metris
673 2336 802 2396 Terentii
823 2345 854 2397 et
868 2335 966 2396 Plauti
987 2345 1163 2411 ctceternrn
1181 2355 1233 2398 eo·

144 2433 284 2494 micorum
297 2445 328 2493 et
340 2433 517 2512 tragicorum
531 2433 701 2494 Victorinus
714 2434 759 2494 sic
771 2433 863 2494 dicit:
883 2433 1035 2504 Quantum
1049 2441 1102 2492 eut
1115 2431 1155 2492 ed
1169 2451 1233 2494 ver·

144 2547 207 2588 sum
221 2529 368 2590 cornicum
383 2537 507 2608 spectat,
523 2539 556 2588 ut
574 2527 726 2608 peululum
743 2547 910 2608 evagemur,
924 2528 986 2590 scio
1000 2527 1141 2606 plurimun
1154 2528 1233 2588 affir-

145 2643 232 2692 mare,
256 2623 448 2684 Terentianus
466 2624 513 2682 vel
538 2623 663 2684 maxime
688 2623 815 2700 prulas
840 2635 965 2683 metrum
988 2622 1027 2682 ed
1047 2622 1232 2702 disciplinam

146 2717 317 2782 Graecarum
330 2717 545 2778 Comoediarurn
560 2737 619 2779 uon
631 2717 809 2790 custodisse,
822 2719 843 2779 i.
856 2739 931 2797 qnae
945 2717 1119 2787 Menander,
1134 2717 1233 2779 Phile-

145 2833 223 2886 mon,
247 2812 397 2893 Diphilus,
419 2823 451 2873 et
473 2812 563 2874 ceteri
589 2811 755 2871 ediderunt.
810 2811 914 2872 Nostri
940 2831 970 2871 n.
998 2811 1029 2870 in
1043 2811 1231 2874 modulandis

145 2907 287 2988 rhythmis
301 2927 352 2968 reu
366 2909 475 2978 metris,
489 2906 605 2967 Veteris
619 2905 781 2966 cnmoediae
789 2907 946 2986 scriptores
960 2907 1044 2988 sequi
1056 2906 1232 2984 meluerunt,

144 3001 163 3062 i.
185 3003 333 3085 Eupoiim,
364 3001 527 3074 Cratinum,
551 2999 794 3081 Aristophanem:
830 3001 968 3082 prologos
990 3003 1101 3083 iteque,
1122 3013 1153 3062 et
1174 3005 1232 3084 pri·

144 3117 256 3160 inarum
279 3117 433 3158 manuum
448 3107 532 3157 actus
556 3097 692 3158 trimetris
717 3097 1017 3178 comprehenderunt:
1038 3095 1147 3160 deinde
1166 3098 1232 3160 lon-

138 3195 282 3274 gissimos
295 3195 316 3254 i.
329 3203 513 3254 tetrametro·
521 3193 716 3253 subdiderunt
723 3195 774 3273 qui
785 3193 970 3273 appellantur
979 3193 1117 3274 quadrati
1128 3217 1136 3257 ι
1151 3210 1233 3276 post·

143 3309 179 3350 ea
197 3292 227 3351 in
244 3289 437 3370 sequentibus
462 3289 663 3348 sancierunt:
683 3289 771 3349 modo
795 3309 826 3348 u.
842 3289 998 3362 trimetros,
1019 3293 1109 3353 modo
1129 3293 1233 3356 addim

143 3385 307 3466 quadrante
325 3384 372 3444 vel
386 3384 509 3446 seruisse
522 3395 695 3463 posuerunt,
715 3385 734 3444 i.
750 3384 898 3464 semipede
917 3385 1045 3466 adjecto,
1058 3387 1105 3450 rel
1118 3389 1232 3469 integro

143 3481 218 3559 pede
236 3481 335 3540 iambo
349 3479 396 3540 sel
410 3478 585 3560 sesquipede
597 3498 605 3538 a
620 3479 685 3540 hice
697 3499 747 3560 per
761 3479 873 3542 medion
886 3491 982 3558 ectus,
995 3484 1074 3544 varie
1089 3503 1189 3546 rursus
1203 3486 1233 3544 in

23 3585 26 3594 ’
143 3579 221 3638 exitu
234 3575 414 3636 Fabularurn
426 3575 597 3654 quadratos,
611 3575 714 3655 quales
729 3577 854 3638 diximus
866 3578 1038 3640 insecundo
1051 3581 1233 3642 ecenaloca·

143 3684 257 3734 rerunt.
293 3659 355 3732 Sed
366 3671 444 3732 idem
457 3672 594 3752 quadrati
616 3673 740 3752 legitimi
764 3693 831 3734 cum
846 3693 919 3735 xrr.
943 3675 1065 3756 syllabis
1075 3675 1164 3755 juxte
1181 3677 1232 3756 jus

142 3770 291 3848 proprium
313 3780 450 3828 constare
466 3768 603 3843 debeant,
626 3769 797 3850 plerumque
821 3771 1008 3832 inveniuntur
1024 3789 1084 3830 xx.
1105 3781 1157 3830 aut
1170 3790 1233 3832 am·

142 3864 219 3944 plius
240 3863 439 3944 syllabarum:
459 3864 529 3924 hinc
538 3865 742 3926 existimentur
754 3877 878 3926 metrum
892 3883 951 3926 non
962 3865 1103 3937 tenuisse,
1112 3885 1168 3927 nec
1180 3887 1234 3928 sua

142 3960 207 4040 lege
221 3961 434 4038 composuisse.
485 3963 574 4032 Quod
601 3981 670 4022 vero
695 3962 734 4022 ad
761 3961 921 4031 clausulae,
936 3961 955 4020 i.
979 3960 1145 4022 minuscule
1167 3965 1235 4025 cole

142 4057 279 4135 pertinet,
294 4066 368 4134 quot
380 4075 489 4135 genere
504 4076 640 4118 renuurn
654 4067 734 4128 aunt,
747 4055 869 4116 totidem
883 4057 1014 4116 membra
1028 4075 1081 4136 pro
1094 4055 1234 4121 clausulis

143 4153 210 4232 poni
226 4161 364 4230 possunt,
387 4163 418 4212 et
439 4152 537 4214 solent
557 4155 587 4216 iu
610 4154 732 4216 canticis
755 4153 847 4232 magis
862 4171 950 4232 quarn
965 4151 1102 4218 diverbiis
1118 4175 1185 4235 queo
1199 4175 1235 4216 cx
