2958 4892
409 415 460 464 on
482 414 623 466 ancara
644 414 914 467 rnnnrrrnrrrs.
1146 403 1211 472 251

12 541 19 560 '
112 575 167 619 ruo
180 554 348 636 mignant,
361 571 458 636 panca
471 553 560 618 etiam
573 555 721 617 Terentio.
762 556 829 617 Noa
842 557 1074 639 pencaillojanr
1087 559 1213 641 ejuravi-

111 672 198 720 muer
219 651 259 714 de
279 651 440 714 innumerir
464 651 535 712 nlirn
557 651 686 714 fortunae
708 653 869 714 curabitur.
920 654 1048 728 Interea,
1068 656 1141 736 quid
1164 658 1212 718 lric

111 747 211 810 Plauti
219 749 308 811 iocor
323 749 378 810 tibi
393 747 535 840 poemia,
549 749 719 818 rideamuot

192 885 269 955 Quae
283 884 381 966 nique
394 885 498 948 fulcro
512 885 657 966 neoforto
670 893 752 960 ruat,
772 895 871 948 tamen
887 885 929 948 illl
941 889 1050 950 sciunt.

114 1016 172 1078 llic
185 1014 254 1078 duee
269 1014 369 1095 longo
382 1015 596 1096 corripiunturt
618 1013 678 1076 duo
692 1014 794 1076 cretici
806 1016 938 1090 veniunt,
959 1037 1019 1096 quo
1034 1038 1071 1079 ne
1085 1019 1213 1102 dactylia

113 1110 246 1191 qnidam,
265 1112 292 1172 oi
313 1131 412 1174 nnrenr
434 1110 589 1185 habemur,
610 1111 709 1174 venire
730 1110 776 1172 iao
797 1121 855 1173 eet.
897 1111 1001 1174 Hosne
1023 1133 1160 1178 numeror
1179 1130 1213 1180 nt

113 1208 301 1270 laudaverint
313 1205 456 1270 Pisonum
470 1207 592 1288 proavil
610 1208 677 1290 quio
690 1207 844 1270 comoedus
858 1218 951 1283 actor,
965 1229 1002 1270 ne
1015 1210 1080 1289 ipre
1092 1212 1213 1290 quidem

116 1305 220 1379 Pellio,
242 1304 289 1366 rel
303 1304 398 1386 pretio
411 1305 537 1366 voluerit
550 1323 668 1374 emeret
688 1305 737 1366 rel
757 1305 903 1366 blaterare
924 1303 990 1366 boec
1005 1305 1043 1364 ad
1058 1306 1166 1368 tibiane
1182 1308 1212 1367 in

115 1420 205 1464 acerra
218 1419 309 1462 anano
324 1398 433 1462 luerit?
454 1419 515 1461 oon
538 1419 608 1472 tuan
628 1401 728 1481 potine
742 1399 798 1460 sibi
811 1419 857 1462 rea
871 1401 989 1482 poetam
1003 1402 1092 1463 telem
1104 1402 1213 1464 babere

111 1495 256 1576 jnrerirt
275 1497 308 1556 si
321 1493 475 1558 licentiarii
491 1497 584 1558 nostri
598 1495 637 1556 de
651 1495 858 1558 emendatione
873 1496 1086 1576 derperaruntt
1108 1497 1213 1560 huma·

116 1593 180 1654 nitra
196 1601 294 1654 tamen
308 1603 382 1666 eret,
403 1591 442 1654 de
464 1593 573 1656 mendo
595 1594 695 1674 potino
717 1593 858 1667 confiteri,
878 1611 969 1672 quarn
985 1595 1102 1673 po‘e'tarn
1116 1593 1214 1673 ipoonr

116 1688 307 1768 proscribere.
348 1687 426 1750 Vide
440 1697 551 1763 tannero
569 1707 659 1769 quarn
672 1688 767 1748 incilia
781 1708 817 1750 co
830 1708 868 1750 ne
882 1689 1080 1768 quaerentibus
1094 1687 1214 1769 quidem

116 1803 147 1844 aa
161 1783 277 1848 offerat.
313 1783 398 1844 Tolle
411 1784 487 1844 illud
493 1785 603 1864 socio,-
615 1796 647 1848 et
662 1785 834 1860 trimetrum,
847 1785 951 1866 quales
964 1784 1013 1846 bic
1026 1785 1117 1847 ceteri
1131 1795 1212 1856 runt,

117 1879 357 1942 rotundinrimurn
371 1879 484 1942 baben:

195 2009 275 2077 Qnoe
287 2007 385 2088 neque
398 2007 508 2081 lutura,
521 2005 619 2088 nique
634 2019 714 2082 runt,
733 2017 832 2069 tamen
847 2007 890 2070 illl
905 2009 1014 2071 rciunt⁴

118 2123 194 2200 Quin
209 2137 240 2190 et
251 2127 309 2190 hoc
324 2149 430 2190 senous
445 2127 520 2208 ipae,
541 2147 601 2189 non
615 2141 740 2190 metrum
756 2128 861 2202 solum,
880 2129 1042 2210 efflagitat:
1064 2149 1131 2188 nam
1145 2151 1213 2210 qnia

117 2227 224 2299 lutura,
246 2239 277 2286 et
298 2245 365 2304 quoe
387 2234 467 2296 aunt,
488 2224 518 2283 in
540 2223 646 2285 eodem
659 2244 768 2306 genere
783 2234 852 2284 sunt
866 2224 1020 2306 opposita:
1042 2245 1101 2284 non
1116 2225 1213 2286 lutura

119 2333 147 2385 et
157 2323 249 2385 lacta.
291 2321 323 2380 Sl
335 2321 409 2382 illud
421 2323 519 2382 ‘lacta
533 2321 613 2381 cunt'
626 2341 644 2383 a
658 2323 747 2404 pocta
760 2331 848 2393 estet,
869 2319 992 2381 dixisset
1013 2321 1124 2400 utique,
1145 2341 1214 2400 quae

118 2437 212 2499 neque
226 2417 299 2478 fient
312 2437 408 2496 oeque
421 2417 501 2478 iacta
516 2426 606 2486 contr
628 2427 717 2497 atque
741 2415 862 2496 insuper
886 2414 924 2478 de
945 2415 1061 2477 duobus
1081 2417 1213 2498 peccatis

118 2533 208 2575 unum
224 2512 355 2574 lucratus
370 2523 461 2574 essct.

478 2689 556 2753 Alts
583 2688 859 2752 TERENTIAM.

158 2829 349 2910 Reatatjarn,
362 2839 397 2890 ut
410 2827 448 2890 de
462 2839 525 2890 nrte
538 2829 726 2902 Terentiana,
736 2845 805 2906 quor
816 2836 969 2906 tantopere
982 2825 1052 2888 olirn
1066 2824 1213 2886 celebrata

121 2935 173 3000 eat,
186 2945 286 3008 pauca
298 2925 473 2988 delibemus.
515 2923 667 2997 Horatius,
680 2923 777 3004 Epist.
793 2939 833 2984 11.
851 2924 877 2983 l.

237 3055 406 3134 Ambigitur
419 3053 556 3134 quotient
569 3061 636 3114 nter
647 3061 715 3112 utro
729 3050 874 3130 oitpriort
895 3048 990 3110 anlert

238 3151 389 3212 Pacuvius
402 3150 484 3212 dooti
496 3149 605 3210 lamam
619 3147 710 3220 unio,
724 3149 835 3209 Accion
850 3147 923 3206 alti:

240 3247 358 3309 Dicitur
371 3247 475 3308 Afrani
489 3257 560 3327 toga
573 3245 748 3307 convenisse
762 3240 949 3304 Menandro:

239 3341 366 3404 Plantnr
380 3343 417 3403 ad
432 3341 599 3422 exemploru
613 3339 704 3402 Siculi
715 3357 872 3422 properare
886 3336 1070 3418 Epicharmi:

235 3439 361 3500 Vincere
376 3439 516 3500 Coecilioa
530 3438 684 3518 gravitate,
697 3437 890 3498 Taenarius
902 3453 1000 3496 narn.

123 3563 179 3623 Ubi
192 3564 315 3627 dubium
330 3575 386 3640 art,
400 3579 531 3630 ortemne
545 3563 696 3628 metricam
711 3567 791 3640 velit,
806 3585 844 3627 on
858 3563 1013 3626 comicum.
1056 3561 1215 3638 Utramque

122 3661 243 3740 opinor;
266 3663 378 3724 namin
393 3676 517 3744 utroque
531 3664 620 3726 lande
635 3665 756 3736 Noster,
772 3675 831 3724 tarn
847 3679 983 3722 veranum
997 3653 1216 3727 concinnitatis,

120 3775 208 3835 quarn
222 3757 330 3819 lucida
344 3779 439 3821 rerunt
454 3759 665 3840 dispositionis,
685 3761 795 3841 primae
809 3757 939 3818 tenebat.

160 3851 240 3914 lllnd
254 3871 325 3914 eane
339 3854 369 3913 in
384 3855 487 3935 lingna
511 3855 615 3915 lutino
636 3853 776 3924 notabile,
796 3871 834 3911 ne
855 3869 946 3910 unum
961 3844 1083 3926 qnidam
1097 3844 1217 3904 verboru

7 4007 9 4044 ἰ
120 3961 227 4028 praeter
239 3951 443 4032 monosyllabo
458 3963 561 4012 tonum
574 3952 604 4011 in
619 3951 724 4010 ultimo
737 3947 889 4026 habuitne,
930 3942 1039 4013 Deum,
1051 3939 1151 4022 igitur,
1172 3937 1217 4046 al·

121 4066 194 4118 rnrn,
208 4045 318 4119 meum,
332 4047 427 4120 tirum,
449 4047 545 4128 priore
559 4047 627 4108 licet
641 4046 720 4108 brevi
735 4042 974 4125 pronuntiabant,
995 4053 1146 4116 nunquam
1160 4035 1217 4094 nrai

120 4143 148 4200 in
163 4159 261 4214 veron,
283 4141 390 4215 Delum,
412 4142 517 4215 virium,
540 4142 649 4216 melum,
672 4141 765 4202 tulrm.
807 4135 1019 4207 Quintilianus,
1034 4131 1131 4193 lnctit.
1147 4147 1169 4188 1.
1185 4129 1215 4186 5.

120 4235 197 4298 ‘liet
208 4248 306 4300 nutem
320 4237 443 4300 inomni
457 4256 529 4300 voce
543 4238 643 4318 utiquc
653 4245 742 4299 acuta
753 4233 878 4316 syllaba,
889 4251 945 4294 nec
956 4229 1060 4291 ultima
1071 4239 1219 4306 unquam:
