<?xml version="1.0" encoding="UTF-8"?>
<!DOCTYPE html PUBLIC "-//W3C//DTD XHTML 1.0 Transitional//EN"
    "http://www.w3.org/TR/xhtml1/DTD/xhtml1-transitional.dtd">
<html xmlns="http://www.w3.org/1999/xhtml" xml:lang="en" lang="en">
 <head>
  <title>
</title>
<meta http-equiv="Content-Type" content="text/html;charset=utf-8" />
  <meta name='ocr-system' content='tesseract 3.04.00' />
  <meta name='ocr-capabilities' content='ocr_page ocr_carea ocr_par ocr_line ocrx_word'/>
</head>
<body>
  <div class='ocr_page' id='page_1' title='image "./comoedisex05westgoog_0014.png"; bbox 0 0 2978 4890; ppageno 0'>
   <div class='ocr_carea' id='block_1_1' title="bbox 248 391 893 453">
    <p class='ocr_par' dir='ltr' id='par_1_1' title="bbox 248 391 893 453">
     <span class='ocr_line' id='line_1_1' title="bbox 248 391 893 453; baseline 0.008 -9"><span class='ocrx_word' id='word_1_1' title='bbox 248 391 270 453; x_wconf 75' lang='grc'><strong>4</strong></span> <span class='ocrx_word' id='word_1_2' title='bbox 684 401 893 452; x_wconf 72' lang='lat' dir='ltr'><strong>PRAEFATlO·</strong></span> 
     </span>
    </p>
   </div>
   <div class='ocr_carea' id='block_1_2' title="bbox 248 546 1340 632">
    <p class='ocr_par' dir='ltr' id='par_1_2' title="bbox 248 546 1340 632">
     <span class='ocr_line' id='line_1_2' title="bbox 248 546 1340 632; baseline 0.001 -16"><span class='ocrx_word' id='word_1_3' title='bbox 248 549 349 618; x_wconf 88' lang='lat' dir='ltr'><strong>tionis</strong></span> <span class='ocrx_word' id='word_1_4' title='bbox 364 547 520 632; x_wconf 88' lang='lat' dir='ltr'><strong>scriptus,</strong></span> <span class='ocrx_word' id='word_1_5' title='bbox 537 546 652 612; x_wconf 87' lang='lat' dir='ltr'><strong>itidem</strong></span> <span class='ocrx_word' id='word_1_6' title='bbox 669 547 701 611; x_wconf 91' lang='lat' dir='ltr'><strong>iu</strong></span> <span class='ocrx_word' id='word_1_7' title='bbox 722 549 826 612; x_wconf 88' lang='lat' dir='ltr'><strong>veteri</strong></span> <span class='ocrx_word' id='word_1_8' title='bbox 848 549 1049 614; x_wconf 85' lang='lat' dir='ltr'><strong>membrana.</strong></span> <span class='ocrx_word' id='word_1_9' title='bbox 1093 547 1133 614; x_wconf 89' lang='lat' dir='ltr'><strong>ln</strong></span> <span class='ocrx_word' id='word_1_10' title='bbox 1149 549 1212 615; x_wconf 89' lang='lat' dir='ltr'><strong>hoc</strong></span> <span class='ocrx_word' id='word_1_11' title='bbox 1228 550 1340 617; x_wconf 77' lang='lat' dir='ltr'><strong>multas</strong></span> 
     </span>
    </p>
   </div>
   <div class='ocr_carea' id='block_1_3' title="bbox 108 647 1341 736">
    <p class='ocr_par' dir='ltr' id='par_1_3' title="bbox 108 647 1341 736">
     <span class='ocr_line' id='line_1_3' title="bbox 108 647 1341 736; baseline 0.001 -21"><span class='ocrx_word' id='word_1_12' title='bbox 108 673 118 682; x_wconf 91' lang='lat'><strong>·</strong></span> <span class='ocrx_word' id='word_1_13' title='bbox 247 659 326 718; x_wconf 85' lang='lat' dir='ltr'><strong>sunt</strong></span> <span class='ocrx_word' id='word_1_14' title='bbox 341 653 572 736; x_wconf 84' lang='lat' dir='ltr'><strong>aspirationes,</strong></span> <span class='ocrx_word' id='word_1_15' title='bbox 590 667 644 713; x_wconf 87' lang='lat' dir='ltr'><strong>ex.</strong></span> <span class='ocrx_word' id='word_1_16' title='bbox 657 669 704 730; x_wconf 84' lang='lat' dir='ltr'><strong>gr.</strong></span> <span class='ocrx_word' id='word_1_17' title='bbox 722 647 841 724; x_wconf 83' lang='lat' dir='ltr'><strong>Holim,</strong></span> <span class='ocrx_word' id='word_1_18' title='bbox 860 648 1016 727; x_wconf 78' lang='lat' dir='ltr'><strong>Hostium,</strong></span> <span class='ocrx_word' id='word_1_19' title='bbox 1032 649 1134 726; x_wconf 76' lang='lat' dir='ltr'><strong>urieli,</strong></span> <span class='ocrx_word' id='word_1_20' title='bbox 1151 649 1341 729; x_wconf 74' lang='lat' dir='ltr'><strong>nichil,tum</strong></span> 
     </span>
    </p>
   </div>
   <div class='ocr_carea' id='block_1_4' title="bbox 233 751 1341 4296">
    <p class='ocr_par' dir='ltr' id='par_1_4' title="bbox 233 751 1341 4296">
     <span class='ocr_line' id='line_1_4' title="bbox 245 751 1340 837; baseline 0.001 -19"><span class='ocrx_word' id='word_1_21' title='bbox 245 755 329 818; x_wconf 88' lang='lat' dir='ltr'><strong>bene</strong></span> <span class='ocrx_word' id='word_1_22' title='bbox 344 753 458 818; x_wconf 77' lang='lat' dir='ltr'><strong>multae</strong></span> <span class='ocrx_word' id='word_1_23' title='bbox 473 771 593 817; x_wconf 88' lang='lat' dir='ltr'><strong>vocum</strong></span> <span class='ocrx_word' id='word_1_24' title='bbox 605 755 639 816; x_wconf 88' lang='lat' dir='ltr'><strong>et</strong></span> <span class='ocrx_word' id='word_1_25' title='bbox 655 751 856 835; x_wconf 78' lang='lat' dir='ltr'><strong>syllabarum</strong></span> <span class='ocrx_word' id='word_1_26' title='bbox 874 757 973 816; x_wconf 74' lang='lat' dir='ltr'><strong>notae.</strong></span> <span class='ocrx_word' id='word_1_27' title='bbox 1007 753 1158 833; x_wconf 87' lang='lat' dir='ltr'><strong>Quartus</strong></span> <span class='ocrx_word' id='word_1_28' title='bbox 1167 761 1219 818; x_wconf 89' lang='lat' dir='ltr'><strong>est</strong></span> <span class='ocrx_word' id='word_1_29' title='bbox 1232 755 1340 837; x_wconf 91' lang='lat' dir='ltr'><strong>scrip·</strong></span> 
     </span>
     <span class='ocr_line' id='line_1_5' title="bbox 244 852 1340 939; baseline 0.002 -19"><span class='ocrx_word' id='word_1_30' title='bbox 244 862 299 920; x_wconf 86' lang='lat' dir='ltr'><strong>tus</strong></span> <span class='ocrx_word' id='word_1_31' title='bbox 313 874 376 938; x_wconf 89' lang='lat' dir='ltr'><strong>per</strong></span> <span class='ocrx_word' id='word_1_32' title='bbox 388 853 635 918; x_wconf 85' lang='lat' dir='ltr'><strong>Theodericum</strong></span> <span class='ocrx_word' id='word_1_33' title='bbox 658 853 701 918; x_wconf 91' lang='lat' dir='ltr'><strong>de</strong></span> <span class='ocrx_word' id='word_1_34' title='bbox 724 853 865 930; x_wconf 85' lang='lat' dir='ltr'><strong>Palude,</strong></span> <span class='ocrx_word' id='word_1_35' title='bbox 886 852 988 920; x_wconf 80' lang='lat' dir='ltr'><strong>Anno</strong></span> <span class='ocrx_word' id='word_1_36' title='bbox 1010 855 1108 920; x_wconf 72' lang='lat'>1442.</span> <span class='ocrx_word' id='word_1_37' title='bbox 1130 863 1231 939; x_wconf 89' lang='lat' dir='ltr'><strong>atque</strong></span> <span class='ocrx_word' id='word_1_38' title='bbox 1255 857 1340 922; x_wconf 91' lang='lat' dir='ltr'><strong>adeo</strong></span> 
     </span>
     <span class='ocr_line' id='line_1_6' title="bbox 245 953 1340 1040; baseline 0.002 -20"><span class='ocrx_word' id='word_1_39' title='bbox 245 959 403 1022; x_wconf 84' lang='lat' dir='ltr'><strong>nascente</strong></span> <span class='ocrx_word' id='word_1_40' title='bbox 412 956 486 1040; x_wconf 87' lang='lat' dir='ltr'><strong>jam</strong></span> <span class='ocrx_word' id='word_1_41' title='bbox 501 953 581 1020; x_wconf 79' lang='lat' dir='ltr'><strong>Arta</strong></span> <span class='ocrx_word' id='word_1_42' title='bbox 596 955 863 1039; x_wconf 83' lang='lat' dir='ltr'><strong>Typographica,</strong></span> <span class='ocrx_word' id='word_1_43' title='bbox 878 957 978 1020; x_wconf 86' lang='lat' dir='ltr'><strong>etiarn</strong></span> <span class='ocrx_word' id='word_1_44' title='bbox 994 957 1028 1020; x_wconf 93' lang='lat' dir='ltr'><strong>in</strong></span> <span class='ocrx_word' id='word_1_45' title='bbox 1043 959 1244 1022; x_wconf 86' lang='lat' dir='ltr'><strong>membrana.</strong></span> <span class='ocrx_word' id='word_1_46' title='bbox 1267 957 1340 1022; x_wconf 84' lang='lat' dir='ltr'><strong>Ad·</strong></span> 
     </span>
     <span class='ocr_line' id='line_1_7' title="bbox 244 1055 1341 1144; baseline 0.003 -21"><span class='ocrx_word' id='word_1_47' title='bbox 244 1058 349 1124; x_wconf 81' lang='lat' dir='ltr'><strong>ditum</strong></span> <span class='ocrx_word' id='word_1_48' title='bbox 364 1059 398 1122; x_wconf 92' lang='lat' dir='ltr'><strong>in</strong></span> <span class='ocrx_word' id='word_1_49' title='bbox 412 1058 498 1122; x_wconf 89' lang='lat' dir='ltr'><strong>fine:</strong></span> <span class='ocrx_word' id='word_1_50' title='bbox 516 1055 624 1121; x_wconf 81' lang='lat' dir='ltr'><strong>Finito</strong></span> <span class='ocrx_word' id='word_1_51' title='bbox 636 1055 733 1121; x_wconf 82' lang='lat' dir='ltr'><strong>Libro</strong></span> <span class='ocrx_word' id='word_1_52' title='bbox 744 1059 785 1121; x_wconf 83' lang='lat' dir='ltr'><strong>sit</strong></span> <span class='ocrx_word' id='word_1_53' title='bbox 797 1057 864 1120; x_wconf 78' lang='lat' dir='ltr'><strong>Iuro</strong></span> <span class='ocrx_word' id='word_1_54' title='bbox 878 1068 908 1122; x_wconf 87' lang='lat' dir='ltr'><strong>et</strong></span> <span class='ocrx_word' id='word_1_55' title='bbox 920 1055 1023 1144; x_wconf 81' lang='lat' dir='ltr'><strong>glorio</strong></span> <span class='ocrx_word' id='word_1_56' title='bbox 1038 1057 1171 1122; x_wconf 76' lang='lat' dir='ltr'><strong>Christo.</strong></span> <span class='ocrx_word' id='word_1_57' title='bbox 1205 1059 1341 1144; x_wconf 85' lang='lat' dir='ltr'><strong>Scripta</strong></span> 
     </span>
     <span class='ocr_line' id='line_1_8' title="bbox 244 1161 1341 1246; baseline -0.001 -20"><span class='ocrx_word' id='word_1_58' title='bbox 244 1167 359 1226; x_wconf 89' lang='lat' dir='ltr'><strong>autem</strong></span> <span class='ocrx_word' id='word_1_59' title='bbox 383 1167 460 1226; x_wconf 90' lang='lat' dir='ltr'><strong>sunt</strong></span> <span class='ocrx_word' id='word_1_60' title='bbox 481 1162 593 1224; x_wconf 89' lang='lat' dir='ltr'><strong>omnia</strong></span> <span class='ocrx_word' id='word_1_61' title='bbox 617 1161 769 1225; x_wconf 82' lang='lat' dir='ltr'><strong>uersibus</strong></span> <span class='ocrx_word' id='word_1_62' title='bbox 791 1161 931 1246; x_wconf 87' lang='lat' dir='ltr'><strong>junctis.</strong></span> <span class='ocrx_word' id='word_1_63' title='bbox 976 1162 1124 1242; x_wconf 75' lang='lat' dir='ltr'><strong>Quintus</strong></span> <span class='ocrx_word' id='word_1_64' title='bbox 1153 1161 1264 1228; x_wconf 85' lang='lat' dir='ltr'><strong>codex</strong></span> <span class='ocrx_word' id='word_1_65' title='bbox 1286 1167 1341 1226; x_wconf 85' lang='lat' dir='ltr'><strong>est</strong></span> 
     </span>
     <span class='ocr_line' id='line_1_9' title="bbox 243 1262 1339 1347; baseline 0 -19"><span class='ocrx_word' id='word_1_66' title='bbox 243 1264 400 1347; x_wconf 89' lang='lat' dir='ltr'><strong>antiquus</strong></span> <span class='ocrx_word' id='word_1_67' title='bbox 415 1264 449 1326; x_wconf 92' lang='lat' dir='ltr'><strong>in</strong></span> <span class='ocrx_word' id='word_1_68' title='bbox 465 1263 667 1340; x_wconf 86' lang='lat' dir='ltr'><strong>membrana,</strong></span> <span class='ocrx_word' id='word_1_69' title='bbox 690 1263 746 1326; x_wconf 89' lang='lat' dir='ltr'><strong>eui</strong></span> <span class='ocrx_word' id='word_1_70' title='bbox 761 1262 916 1328; x_wconf 85' lang='lat' dir='ltr'><strong>Titulus:</strong></span> <span class='ocrx_word' id='word_1_71' title='bbox 939 1262 1064 1326; x_wconf 87' lang='lat' dir='ltr'><strong>‘Liber</strong></span> <span class='ocrx_word' id='word_1_72' title='bbox 1080 1263 1257 1346; x_wconf 83' lang='lat' dir='ltr'><strong>Eographii</strong></span> <span class='ocrx_word' id='word_1_73' title='bbox 1275 1263 1339 1328; x_wconf 82' lang='lat' dir='ltr'><strong>Ar·</strong></span> 
     </span>
     <span class='ocr_line' id='line_1_10' title="bbox 243 1361 1338 1452; baseline 0.001 -23"><span class='ocrx_word' id='word_1_74' title='bbox 243 1365 476 1448; x_wconf 82' lang='lat' dir='ltr'><strong>gumentatorii</strong></span> <span class='ocrx_word' id='word_1_75' title='bbox 491 1363 727 1428; x_wconf 88' lang='lat' dir='ltr'><strong>Commentarii</strong></span> <span class='ocrx_word' id='word_1_76' title='bbox 742 1361 903 1430; x_wconf 67' lang='lat' dir='ltr'><strong>Andrias!</strong></span> <span class='ocrx_word' id='word_1_77' title='bbox 946 1364 1161 1447; x_wconf 80' lang='lat' dir='ltr'><strong>Progreditur</strong></span> <span class='ocrx_word' id='word_1_78' title='bbox 1174 1365 1217 1430; x_wconf 92' lang='lat' dir='ltr'><strong>ad</strong></span> <span class='ocrx_word' id='word_1_79' title='bbox 1232 1365 1338 1452; x_wconf 76' lang='grc' dir='ltr'><strong>ΡΙιοτ-Ι</strong></span> 
     </span>
     <span class='ocr_line' id='line_1_11' title="bbox 242 1465 1337 1550; baseline 0.002 -20"><span class='ocrx_word' id='word_1_80' title='bbox 242 1465 396 1544; x_wconf 88' lang='lat' dir='ltr'><strong>mionem,</strong></span> <span class='ocrx_word' id='word_1_81' title='bbox 411 1465 474 1530; x_wconf 87' lang='lat' dir='ltr'><strong>etsi</strong></span> <span class='ocrx_word' id='word_1_82' title='bbox 489 1465 571 1530; x_wconf 83' lang='lat' dir='ltr'><strong>solia</strong></span> <span class='ocrx_word' id='word_1_83' title='bbox 587 1465 654 1530; x_wconf 91' lang='lat' dir='ltr'><strong>sint</strong></span> <span class='ocrx_word' id='word_1_84' title='bbox 668 1465 792 1542; x_wconf 86' lang='lat' dir='ltr'><strong>lacera,</strong></span> <span class='ocrx_word' id='word_1_85' title='bbox 807 1484 866 1529; x_wconf 91' lang='lat' dir='ltr'><strong>uec</strong></span> <span class='ocrx_word' id='word_1_86' title='bbox 889 1475 1054 1550; x_wconf 77' lang='lat' dir='ltr'><strong>appareat</strong></span> <span class='ocrx_word' id='word_1_87' title='bbox 1075 1465 1150 1532; x_wconf 87' lang='lat' dir='ltr'><strong>linis</strong></span> <span class='ocrx_word' id='word_1_88' title='bbox 1175 1465 1337 1546; x_wconf 81' lang='lat' dir='ltr'><strong>Eunuchi,</strong></span> 
     </span>
     <span class='ocr_line' id='line_1_12' title="bbox 241 1565 1338 1652; baseline 0 -18"><span class='ocrx_word' id='word_1_89' title='bbox 241 1574 301 1634; x_wconf 86' lang='lat' dir='ltr'><strong>aut</strong></span> <span class='ocrx_word' id='word_1_90' title='bbox 315 1569 445 1632; x_wconf 89' lang='lat' dir='ltr'><strong>initium</strong></span> <span class='ocrx_word' id='word_1_91' title='bbox 460 1565 834 1632; x_wconf 88' lang='lat' dir='ltr'><strong>Heautontimorumeni.</strong></span> <span class='ocrx_word' id='word_1_92' title='bbox 878 1565 963 1632; x_wconf 88' lang='lat' dir='ltr'><strong>Tum</strong></span> <span class='ocrx_word' id='word_1_93' title='bbox 987 1569 1139 1652; x_wconf 87' lang='lat' dir='ltr'><strong>sequitur</strong></span> <span class='ocrx_word' id='word_1_94' title='bbox 1159 1567 1338 1636; x_wconf 81' lang='lat' dir='ltr'><strong>Terentius</strong></span> 
     </span>
     <span class='ocr_line' id='line_1_13' title="bbox 241 1667 1338 1752; baseline 0.001 -17"><span class='ocrx_word' id='word_1_95' title='bbox 241 1671 375 1752; x_wconf 83' lang='lat' dir='ltr'><strong>integer,</strong></span> <span class='ocrx_word' id='word_1_96' title='bbox 385 1669 439 1733; x_wconf 89' lang='lat' dir='ltr'><strong>cui</strong></span> <span class='ocrx_word' id='word_1_97' title='bbox 449 1667 580 1732; x_wconf 89' lang='lat' dir='ltr'><strong>additur</strong></span> <span class='ocrx_word' id='word_1_98' title='bbox 588 1667 621 1730; x_wconf 92' lang='lat' dir='ltr'><strong>in</strong></span> <span class='ocrx_word' id='word_1_99' title='bbox 632 1667 716 1734; x_wconf 85' lang='lat' dir='ltr'><strong>line:</strong></span> <span class='ocrx_word' id='word_1_100' title='bbox 731 1667 791 1732; x_wconf 90' lang='lat' dir='ltr'><strong>‘P.</strong></span> <span class='ocrx_word' id='word_1_101' title='bbox 800 1669 947 1733; x_wconf 82' lang='lat' dir='ltr'><strong>Terentii</strong></span> <span class='ocrx_word' id='word_1_102' title='bbox 959 1667 1035 1733; x_wconf 82' lang='lat' dir='ltr'><strong>Afri</strong></span> <span class='ocrx_word' id='word_1_103' title='bbox 1047 1671 1223 1736; x_wconf 74' lang='lat' dir='ltr'><strong>Comoedia</strong></span> <span class='ocrx_word' id='word_1_104' title='bbox 1233 1671 1338 1738; x_wconf 89' lang='lat' dir='ltr'><strong>Phor-</strong></span> 
     </span>
     <span class='ocr_line' id='line_1_14' title="bbox 240 1767 1337 1852; baseline 0.002 -17"><span class='ocrx_word' id='word_1_105' title='bbox 240 1769 590 1836; x_wconf 87' lang='lat' dir='ltr'><strong>miobonoscolastico</strong></span> <span class='ocrx_word' id='word_1_106' title='bbox 599 1767 750 1852; x_wconf 84' lang='lat' dir='ltr'><strong>Explicit</strong></span> <span class='ocrx_word' id='word_1_107' title='bbox 759 1769 1134 1837; x_wconf 86' lang='lat' dir='ltr'><strong>Feliciter.’Terentium</strong></span> <span class='ocrx_word' id='word_1_108' title='bbox 1145 1771 1337 1838; x_wconf 81' lang='lat' dir='ltr'><strong>Priscianus</strong></span> 
     </span>
     <span class='ocr_line' id='line_1_15' title="bbox 240 1871 1336 1956; baseline 0.001 -19"><span class='ocrx_word' id='word_1_109' title='bbox 240 1874 381 1956; x_wconf 85' lang='lat' dir='ltr'><strong>excipit,</strong></span> <span class='ocrx_word' id='word_1_110' title='bbox 399 1872 452 1936; x_wconf 87' lang='lat' dir='ltr'><strong>De</strong></span> <span class='ocrx_word' id='word_1_111' title='bbox 467 1871 584 1936; x_wconf 81' lang='lat' dir='ltr'><strong>Mettis</strong></span> <span class='ocrx_word' id='word_1_112' title='bbox 595 1871 797 1936; x_wconf 86' lang='lat' dir='ltr'><strong>Fabulamm</strong></span> <span class='ocrx_word' id='word_1_113' title='bbox 811 1871 969 1951; x_wconf 86' lang='lat' dir='ltr'><strong>Terentii,</strong></span> <span class='ocrx_word' id='word_1_114' title='bbox 980 1881 1015 1938; x_wconf 89' lang='lat' dir='ltr'><strong>et</strong></span> <span class='ocrx_word' id='word_1_115' title='bbox 1029 1874 1169 1938; x_wconf 88' lang='lat' dir='ltr'><strong>aliorum</strong></span> <span class='ocrx_word' id='word_1_116' title='bbox 1178 1873 1336 1939; x_wconf 87' lang='lat' dir='ltr'><strong>Comicu-</strong></span> 
     </span>
     <span class='ocr_line' id='line_1_16' title="bbox 239 1973 1337 2066; baseline -0.001 -25"><span class='ocrx_word' id='word_1_117' title='bbox 239 1994 322 2042; x_wconf 87' lang='lat' dir='ltr'><strong>mm.</strong></span> <span class='ocrx_word' id='word_1_118' title='bbox 367 1973 482 2059; x_wconf 87' lang='lat' dir='ltr'><strong>Hujus</strong></span> <span class='ocrx_word' id='word_1_119' title='bbox 493 1980 622 2039; x_wconf 88' lang='lat' dir='ltr'><strong>tanturn</strong></span> <span class='ocrx_word' id='word_1_120' title='bbox 636 1975 701 2037; x_wconf 88' lang='lat' dir='ltr'><strong>tria</strong></span> <span class='ocrx_word' id='word_1_121' title='bbox 714 1973 796 2037; x_wconf 84' lang='lat' dir='ltr'><strong>lolia</strong></span> <span class='ocrx_word' id='word_1_122' title='bbox 810 1982 1001 2056; x_wconf 87' lang='lat' dir='ltr'><strong>supersunt.</strong></span> <span class='ocrx_word' id='word_1_123' title='bbox 1048 1973 1142 2040; x_wconf 87' lang='lat' dir='ltr'><strong>ldern</strong></span> <span class='ocrx_word' id='word_1_124' title='bbox 1164 1974 1217 2040; x_wconf 88' lang='lat' dir='ltr'><strong>hic</strong></span> <span class='ocrx_word' id='word_1_125' title='bbox 1236 1975 1337 2066; x_wconf 77' lang='lat' dir='ltr'><strong>Liber</strong></span> 
     </span>
     <span class='ocr_line' id='line_1_17' title="bbox 240 2073 1335 2162; baseline 0 -20"><span class='ocrx_word' id='word_1_126' title='bbox 240 2079 276 2142; x_wconf 90' lang='lat' dir='ltr'><strong>in</strong></span> <span class='ocrx_word' id='word_1_127' title='bbox 291 2079 403 2162; x_wconf 87' lang='lat' dir='ltr'><strong>plures</strong></span> <span class='ocrx_word' id='word_1_128' title='bbox 424 2077 552 2141; x_wconf 79' lang='lat' dir='ltr'><strong>Scenae</strong></span> <span class='ocrx_word' id='word_1_129' title='bbox 567 2073 733 2158; x_wconf 86' lang='lat' dir='ltr'><strong>dispescit</strong></span> <span class='ocrx_word' id='word_1_130' title='bbox 746 2075 924 2140; x_wconf 88' lang='lat' dir='ltr'><strong>nonnullos</strong></span> <span class='ocrx_word' id='word_1_131' title='bbox 943 2074 1060 2154; x_wconf 82' lang='lat' dir='ltr'><strong>Actus,</strong></span> <span class='ocrx_word' id='word_1_132' title='bbox 1076 2095 1178 2160; x_wconf 90' lang='lat' dir='ltr'><strong>quam</strong></span> <span class='ocrx_word' id='word_1_133' title='bbox 1200 2077 1335 2161; x_wconf 85' lang='lat' dir='ltr'><strong>quidem</strong></span> 
     </span>
     <span class='ocr_line' id='line_1_18' title="bbox 240 2175 1334 2260; baseline 0.002 -18"><span class='ocrx_word' id='word_1_134' title='bbox 240 2178 280 2242; x_wconf 87' lang='lat' dir='ltr'><strong>fit</strong></span> <span class='ocrx_word' id='word_1_135' title='bbox 293 2179 405 2260; x_wconf 80' lang='lat' dir='ltr'><strong>vulgo.</strong></span> <span class='ocrx_word' id='word_1_136' title='bbox 451 2175 521 2256; x_wconf 84' lang='lat' dir='ltr'><strong>Qui</strong></span> <span class='ocrx_word' id='word_1_137' title='bbox 536 2194 615 2241; x_wconf 86' lang='lat' dir='ltr'><strong>vcro</strong></span> <span class='ocrx_word' id='word_1_138' title='bbox 627 2175 722 2240; x_wconf 76' lang='lat' dir='ltr'><strong>susti</strong></span> <span class='ocrx_word' id='word_1_139' title='bbox 737 2175 848 2259; x_wconf 88' lang='lat' dir='ltr'><strong>Lipsii</strong></span> <span class='ocrx_word' id='word_1_140' title='bbox 863 2177 966 2243; x_wconf 84' lang='lat' dir='ltr'><strong>fertur</strong></span> <span class='ocrx_word' id='word_1_141' title='bbox 981 2177 1100 2243; x_wconf 83' lang='lat' dir='ltr'><strong>Codex</strong></span> <span class='ocrx_word' id='word_1_142' title='bbox 1116 2177 1182 2242; x_wconf 87' lang='lat' dir='ltr'><strong>Ms.</strong></span> <span class='ocrx_word' id='word_1_143' title='bbox 1198 2180 1228 2243; x_wconf 89' lang='lat' dir='ltr'><strong>is</strong></span> <span class='ocrx_word' id='word_1_144' title='bbox 1245 2199 1266 2244; x_wconf 89' lang='lat' dir='ltr'><strong>a</strong></span> <span class='ocrx_word' id='word_1_145' title='bbox 1280 2201 1334 2244; x_wconf 91' lang='lat' dir='ltr'><strong>me</strong></span> 
     </span>
     <span class='ocr_line' id='line_1_19' title="bbox 240 2278 1336 2362; baseline 0.002 -18"><span class='ocrx_word' id='word_1_146' title='bbox 240 2297 406 2344; x_wconf 83' lang='lat' dir='ltr'><strong>excussus</strong></span> <span class='ocrx_word' id='word_1_147' title='bbox 429 2285 482 2343; x_wconf 89' lang='lat' dir='ltr'><strong>est</strong></span> <span class='ocrx_word' id='word_1_148' title='bbox 504 2283 581 2342; x_wconf 87' lang='lat' dir='ltr'><strong>ante</strong></span> <span class='ocrx_word' id='word_1_149' title='bbox 606 2295 704 2361; x_wconf 87' lang='lat' dir='ltr'><strong>quum</strong></span> <span class='ocrx_word' id='word_1_150' title='bbox 724 2295 770 2340; x_wconf 84' lang='lat' dir='ltr'><strong>ex</strong></span> <span class='ocrx_word' id='word_1_151' title='bbox 795 2278 952 2343; x_wconf 88' lang='lat' dir='ltr'><strong>auctione</strong></span> <span class='ocrx_word' id='word_1_152' title='bbox 974 2279 1110 2362; x_wconf 88' lang='lat' dir='ltr'><strong>publica</strong></span> <span class='ocrx_word' id='word_1_153' title='bbox 1125 2280 1336 2348; x_wconf 82' lang='lat' dir='ltr'><strong>addiceretur</strong></span> 
     </span>
     <span class='ocr_line' id='line_1_20' title="bbox 239 2377 1334 2464; baseline 0.005 -19"><span class='ocrx_word' id='word_1_154' title='bbox 239 2379 395 2446; x_wconf 81' lang='lat' dir='ltr'><strong>leidensi</strong></span> <span class='ocrx_word' id='word_1_155' title='bbox 416 2379 684 2446; x_wconf 77' lang='lat' dir='ltr'><strong>instructissimae</strong></span> <span class='ocrx_word' id='word_1_156' title='bbox 700 2377 944 2460; x_wconf 75' lang='lat' dir='ltr'><strong>Bibliothecae3</strong></span> <span class='ocrx_word' id='word_1_157' title='bbox 966 2399 1043 2444; x_wconf 89' lang='lat' dir='ltr'><strong>cum</strong></span> <span class='ocrx_word' id='word_1_158' title='bbox 1062 2387 1155 2464; x_wconf 89' lang='lat' dir='ltr'><strong>parte</strong></span> <span class='ocrx_word' id='word_1_159' title='bbox 1171 2381 1237 2446; x_wconf 86' lang='lat' dir='ltr'><strong>Ms.</strong></span> <span class='ocrx_word' id='word_1_160' title='bbox 1253 2383 1334 2450; x_wconf 84' lang='lat' dir='ltr'><strong>alte·</strong></span> 
     </span>
     <span class='ocr_line' id='line_1_21' title="bbox 238 2479 1333 2568; baseline 0.004 -22"><span class='ocrx_word' id='word_1_161' title='bbox 238 2483 320 2560; x_wconf 90' lang='lat' dir='ltr'><strong>rius,</strong></span> <span class='ocrx_word' id='word_1_162' title='bbox 336 2483 484 2567; x_wconf 88' lang='lat' dir='ltr'><strong>ejusdcm</strong></span> <span class='ocrx_word' id='word_1_163' title='bbox 499 2481 552 2547; x_wconf 92' lang='lat' dir='ltr'><strong>Cl.</strong></span> <span class='ocrx_word' id='word_1_164' title='bbox 568 2479 653 2545; x_wconf 92' lang='lat' dir='ltr'><strong>Viri.</strong></span> <span class='ocrx_word' id='word_1_165' title='bbox 697 2480 889 2564; x_wconf 85' lang='lat' dir='ltr'><strong>Sequuntur</strong></span> <span class='ocrx_word' id='word_1_166' title='bbox 909 2481 1002 2548; x_wconf 84' lang='lat' dir='ltr'><strong>Idbn&#39;</strong></span> <span class='ocrx_word' id='word_1_167' title='bbox 1025 2487 1102 2559; x_wconf 85' lang='lat' dir='ltr'><strong>tres,</strong></span> <span class='ocrx_word' id='word_1_168' title='bbox 1122 2483 1191 2548; x_wconf 91' lang='lat' dir='ltr'><strong>duo</strong></span> <span class='ocrx_word' id='word_1_169' title='bbox 1206 2485 1333 2568; x_wconf 86' lang='lat' dir='ltr'><strong>priores</strong></span> 
     </span>
     <span class='ocr_line' id='line_1_22' title="bbox 238 2582 1333 2670; baseline 0.004 -22"><span class='ocrx_word' id='word_1_170' title='bbox 238 2583 498 2650; x_wconf 85' lang='lat' dir='ltr'><strong>Academiarum</strong></span> <span class='ocrx_word' id='word_1_171' title='bbox 527 2582 726 2666; x_wconf 81' lang='lat' dir='ltr'><strong>Trajectiuae</strong></span> <span class='ocrx_word' id='word_1_172' title='bbox 751 2589 785 2664; x_wconf 81' lang='lat' dir='ltr'><strong>et</strong></span> <span class='ocrx_word' id='word_1_173' title='bbox 810 2583 1028 2663; x_wconf 87' lang='lat' dir='ltr'><strong>Oxoniensis,</strong></span> <span class='ocrx_word' id='word_1_174' title='bbox 1056 2585 1111 2650; x_wconf 89' lang='lat' dir='ltr'><strong>lric</strong></span> <span class='ocrx_word' id='word_1_175' title='bbox 1149 2586 1284 2670; x_wconf 88' lang='lat' dir='ltr'><strong>quidem</strong></span> <span class='ocrx_word' id='word_1_176' title='bbox 1314 2608 1333 2652; x_wconf 92' lang='lat' dir='ltr'><strong>e</strong></span> 
     </span>
     <span class='ocr_line' id='line_1_23' title="bbox 239 2684 1332 2769; baseline 0.002 -15"><span class='ocrx_word' id='word_1_177' title='bbox 239 2687 452 2754; x_wconf 87' lang='lat' dir='ltr'><strong>Bibliotheca</strong></span> <span class='ocrx_word' id='word_1_178' title='bbox 465 2685 606 2750; x_wconf 79' lang='lat' dir='ltr'><strong>Thomas</strong></span> <span class='ocrx_word' id='word_1_179' title='bbox 623 2684 757 2750; x_wconf 89' lang='lat' dir='ltr'><strong>Bodleii</strong></span> <span class='ocrx_word' id='word_1_180' title='bbox 773 2685 918 2769; x_wconf 88' lang='lat' dir='ltr'><strong>Equitis,</strong></span> <span class='ocrx_word' id='word_1_181' title='bbox 934 2705 1010 2752; x_wconf 90' lang='lat' dir='ltr'><strong>cum</strong></span> <span class='ocrx_word' id='word_1_182' title='bbox 1027 2687 1127 2752; x_wconf 84' lang='lat' dir='ltr'><strong>tertio</strong></span> <span class='ocrx_word' id='word_1_183' title='bbox 1142 2687 1332 2767; x_wconf 86' lang='lat' dir='ltr'><strong>Markiauo,</strong></span> 
     </span>
     <span class='ocr_line' id='line_1_24' title="bbox 237 2787 1333 2875; baseline 0.002 -19"><span class='ocrx_word' id='word_1_184' title='bbox 237 2793 305 2875; x_wconf 90' lang='lat' dir='ltr'><strong>qui,</strong></span> <span class='ocrx_word' id='word_1_185' title='bbox 329 2787 641 2874; x_wconf 79' lang='lat' dir='ltr'><strong>quadringentorum</strong></span> <span class='ocrx_word' id='word_1_186' title='bbox 664 2789 733 2852; x_wconf 87' lang='lat' dir='ltr'><strong>fere</strong></span> <span class='ocrx_word' id='word_1_187' title='bbox 758 2807 921 2853; x_wconf 88' lang='lat' dir='ltr'><strong>annorum</strong></span> <span class='ocrx_word' id='word_1_188' title='bbox 944 2793 1077 2854; x_wconf 77' lang='lat' dir='ltr'><strong>aetatem</strong></span> <span class='ocrx_word' id='word_1_189' title='bbox 1105 2791 1333 2874; x_wconf 81' lang='lat' dir='ltr'><strong>praeferens,e</strong></span> 
     </span>
     <span class='ocr_line' id='line_1_25' title="bbox 238 2886 1334 2974; baseline 0.004 -20"><span class='ocrx_word' id='word_1_190' title='bbox 238 2890 455 2974; x_wconf 84' lang='lat' dir='ltr'><strong>supellectile</strong></span> <span class='ocrx_word' id='word_1_191' title='bbox 471 2887 623 2952; x_wconf 83' lang='lat' dir='ltr'><strong>libraria</strong></span> <span class='ocrx_word' id='word_1_192' title='bbox 644 2886 928 2954; x_wconf 85' lang='lat' dir='ltr'><strong>Excellentissimi</strong></span> <span class='ocrx_word' id='word_1_193' title='bbox 952 2890 1165 2955; x_wconf 86' lang='lat' dir='ltr'><strong>Ehrencronii</strong></span> <span class='ocrx_word' id='word_1_194' title='bbox 1188 2903 1297 2958; x_wconf 85' lang='lat' dir='ltr'><strong>emtus</strong></span> <span class='ocrx_word' id='word_1_195' title='bbox 1311 2913 1334 2958; x_wconf 85' lang='lat' dir='ltr'><strong>a</strong></span> 
     </span>
     <span class='ocr_line' id='line_1_26' title="bbox 237 2987 1332 3073; baseline 0.003 -16"><span class='ocrx_word' id='word_1_196' title='bbox 237 2991 461 3057; x_wconf 88' lang='lat' dir='ltr'><strong>Nobilissimo</strong></span> <span class='ocrx_word' id='word_1_197' title='bbox 484 2989 580 3064; x_wconf 91' lang='lat' dir='ltr'><strong>Viro,</strong></span> <span class='ocrx_word' id='word_1_198' title='bbox 598 2987 702 3053; x_wconf 88' lang='lat' dir='ltr'><strong>Heur.</strong></span> <span class='ocrx_word' id='word_1_199' title='bbox 725 2989 832 3053; x_wconf 90' lang='lat' dir='ltr'><strong>Hadr.</strong></span> <span class='ocrx_word' id='word_1_200' title='bbox 850 3009 914 3054; x_wconf 87' lang='lat' dir='ltr'><strong>ran</strong></span> <span class='ocrx_word' id='word_1_201' title='bbox 934 2991 993 3054; x_wconf 88' lang='lat' dir='ltr'><strong>der</strong></span> <span class='ocrx_word' id='word_1_202' title='bbox 1019 2990 1129 3069; x_wconf 85' lang='lat' dir='ltr'><strong>Mark,</strong></span> <span class='ocrx_word' id='word_1_203' title='bbox 1152 3011 1219 3058; x_wconf 87' lang='lat' dir='ltr'><strong>vau</strong></span> <span class='ocrx_word' id='word_1_204' title='bbox 1233 2994 1332 3073; x_wconf 85' lang='lat' dir='ltr'><strong>Leur,</strong></span> 
     </span>
     <span class='ocr_line' id='line_1_27' title="bbox 236 3088 1331 3176; baseline 0.004 -18"><span class='ocrx_word' id='word_1_205' title='bbox 236 3093 339 3170; x_wconf 85' lang='lat' dir='ltr'><strong>JCto,</strong></span> <span class='ocrx_word' id='word_1_206' title='bbox 353 3091 496 3156; x_wconf 90' lang='lat' dir='ltr'><strong>antehac</strong></span> <span class='ocrx_word' id='word_1_207' title='bbox 511 3090 555 3154; x_wconf 90' lang='lat' dir='ltr'><strong>ad</strong></span> <span class='ocrx_word' id='word_1_208' title='bbox 572 3090 612 3154; x_wconf 89' lang='lat' dir='ltr'><strong>B.</strong></span> <span class='ocrx_word' id='word_1_209' title='bbox 631 3088 749 3154; x_wconf 73' lang='lat' dir='ltr'><strong>Marte</strong></span> <span class='ocrx_word' id='word_1_210' title='bbox 774 3089 1004 3176; x_wconf 77' lang='lat' dir='ltr'><strong>UltraJcetinre</strong></span> <span class='ocrx_word' id='word_1_211' title='bbox 1027 3091 1211 3159; x_wconf 88' lang='lat' dir='ltr'><strong>Canonico.</strong></span> <span class='ocrx_word' id='word_1_212' title='bbox 1257 3096 1331 3162; x_wconf 88' lang='lat' dir='ltr'><strong>Ho-</strong></span> 
     </span>
     <span class='ocr_line' id='line_1_28' title="bbox 236 3190 1330 3282; baseline 0.005 -24"><span class='ocrx_word' id='word_1_213' title='bbox 236 3209 308 3258; x_wconf 86' lang='lat' dir='ltr'><strong>rum</strong></span> <span class='ocrx_word' id='word_1_214' title='bbox 322 3192 403 3258; x_wconf 90' lang='lat' dir='ltr'><strong>mihi</strong></span> <span class='ocrx_word' id='word_1_215' title='bbox 424 3191 548 3256; x_wconf 89' lang='lat' dir='ltr'><strong>Varias</strong></span> <span class='ocrx_word' id='word_1_216' title='bbox 564 3190 742 3255; x_wconf 66' lang='lat' dir='ltr'><strong>lectiones</strong></span> <span class='ocrx_word' id='word_1_217' title='bbox 759 3191 1013 3275; x_wconf 87' lang='lat' dir='ltr'><strong>suppeditarunt</strong></span> <span class='ocrx_word' id='word_1_218' title='bbox 1027 3193 1214 3261; x_wconf 83' lang='lat' dir='ltr'><strong>Clarissimi</strong></span> <span class='ocrx_word' id='word_1_219' title='bbox 1229 3204 1330 3282; x_wconf 85' lang='lat' dir='ltr'><strong>atque</strong></span> 
     </span>
     <span class='ocr_line' id='line_1_29' title="bbox 236 3292 1331 3374; baseline 0.004 -14"><span class='ocrx_word' id='word_1_220' title='bbox 236 3295 444 3360; x_wconf 85' lang='lat' dir='ltr'><strong>Amicissimi</strong></span> <span class='ocrx_word' id='word_1_221' title='bbox 466 3293 553 3369; x_wconf 89' lang='lat' dir='ltr'><strong>Viri,</strong></span> <span class='ocrx_word' id='word_1_222' title='bbox 587 3292 727 3358; x_wconf 89' lang='lat' dir='ltr'><strong>Carolus</strong></span> <span class='ocrx_word' id='word_1_223' title='bbox 753 3293 904 3359; x_wconf 83' lang='lat' dir='ltr'><strong>Andreas</strong></span> <span class='ocrx_word' id='word_1_224' title='bbox 927 3295 1094 3374; x_wconf 88' lang='lat' dir='ltr'><strong>Dukerus,</strong></span> <span class='ocrx_word' id='word_1_225' title='bbox 1116 3296 1331 3364; x_wconf 80' lang='lat' dir='ltr'><strong>Abrahamus</strong></span> 
     </span>
     <span class='ocr_line' id='line_1_30' title="bbox 235 3393 1331 3472; baseline 0.004 -10"><span class='ocrx_word' id='word_1_226' title='bbox 235 3397 439 3472; x_wconf 86' lang='lat' dir='ltr'><strong>Gronovius,</strong></span> <span class='ocrx_word' id='word_1_227' title='bbox 453 3401 486 3459; x_wconf 88' lang='lat' dir='ltr'><strong>et</strong></span> <span class='ocrx_word' id='word_1_228' title='bbox 500 3394 677 3458; x_wconf 86' lang='lat' dir='ltr'><strong>Eduardus</strong></span> <span class='ocrx_word' id='word_1_229' title='bbox 697 3393 855 3461; x_wconf 87' lang='lat' dir='ltr'><strong>Zurkius.</strong></span> <span class='ocrx_word' id='word_1_230' title='bbox 901 3395 969 3462; x_wconf 88' lang='lat' dir='ltr'><strong>His</strong></span> <span class='ocrx_word' id='word_1_231' title='bbox 995 3407 1215 3465; x_wconf 86' lang='lat' dir='ltr'><strong>accesserunt</strong></span> <span class='ocrx_word' id='word_1_232' title='bbox 1234 3401 1331 3468; x_wconf 84' lang='lat' dir='ltr'><strong>alteri</strong></span> 
     </span>
     <span class='ocr_line' id='line_1_31' title="bbox 236 3495 1331 3582; baseline 0.004 -18"><span class='ocrx_word' id='word_1_233' title='bbox 236 3506 312 3576; x_wconf 86' lang='lat' dir='ltr'><strong>tres,</strong></span> <span class='ocrx_word' id='word_1_234' title='bbox 336 3495 632 3582; x_wconf 82' lang='lat' dir='ltr'><strong>Typogruphorum</strong></span> <span class='ocrx_word' id='word_1_235' title='bbox 656 3516 803 3560; x_wconf 86' lang='lat' dir='ltr'><strong>meomm</strong></span> <span class='ocrx_word' id='word_1_236' title='bbox 830 3517 933 3582; x_wconf 87' lang='lat' dir='ltr'><strong>opera</strong></span> <span class='ocrx_word' id='word_1_237' title='bbox 957 3499 1036 3564; x_wconf 88' lang='lat' dir='ltr'><strong>mihi</strong></span> <span class='ocrx_word' id='word_1_238' title='bbox 1062 3501 1245 3579; x_wconf 89' lang='lat' dir='ltr'><strong>conciliati,</strong></span> <span class='ocrx_word' id='word_1_239' title='bbox 1267 3503 1331 3568; x_wconf 92' lang='lat' dir='ltr'><strong>sed</strong></span> 
     </span>
     <span class='ocr_line' id='line_1_32' title="bbox 235 3597 1329 3684; baseline 0.005 -20"><span class='ocrx_word' id='word_1_240' title='bbox 235 3599 338 3684; x_wconf 90' lang='lat' dir='ltr'><strong>paulo</strong></span> <span class='ocrx_word' id='word_1_241' title='bbox 354 3599 473 3675; x_wconf 87' lang='lat' dir='ltr'><strong>serius,</strong></span> <span class='ocrx_word' id='word_1_242' title='bbox 488 3605 524 3661; x_wconf 87' lang='lat' dir='ltr'><strong>ot</strong></span> <span class='ocrx_word' id='word_1_243' title='bbox 539 3603 633 3680; x_wconf 87' lang='lat' dir='ltr'><strong>purte</strong></span> <span class='ocrx_word' id='word_1_244' title='bbox 649 3598 761 3680; x_wconf 89' lang='lat' dir='ltr'><strong>operis</strong></span> <span class='ocrx_word' id='word_1_245' title='bbox 771 3597 842 3680; x_wconf 91' lang='lat' dir='ltr'><strong>jam</strong></span> <span class='ocrx_word' id='word_1_246' title='bbox 863 3598 955 3682; x_wconf 87' lang='lat' dir='ltr'><strong>typis</strong></span> <span class='ocrx_word' id='word_1_247' title='bbox 969 3601 1152 3684; x_wconf 84' lang='lat' dir='ltr'><strong>exscripta.</strong></span> <span class='ocrx_word' id='word_1_248' title='bbox 1197 3603 1329 3669; x_wconf 87' lang='lat' dir='ltr'><strong>Horum</strong></span> 
     </span>
     <span class='ocr_line' id='line_1_33' title="bbox 235 3699 1331 3787; baseline 0.005 -20"><span class='ocrx_word' id='word_1_249' title='bbox 235 3699 399 3767; x_wconf 87' lang='lat' dir='ltr'><strong>Codicum</strong></span> <span class='ocrx_word' id='word_1_250' title='bbox 415 3702 553 3782; x_wconf 87' lang='lat' dir='ltr'><strong>primus,</strong></span> <span class='ocrx_word' id='word_1_251' title='bbox 568 3704 604 3762; x_wconf 92' lang='lat' dir='ltr'><strong>ut</strong></span> <span class='ocrx_word' id='word_1_252' title='bbox 618 3700 890 3782; x_wconf 83' lang='lat' dir='ltr'><strong>reliquosaetate,</strong></span> <span class='ocrx_word' id='word_1_253' title='bbox 905 3701 955 3765; x_wconf 88' lang='lat' dir='ltr'><strong>ita</strong></span> <span class='ocrx_word' id='word_1_254' title='bbox 968 3701 1121 3768; x_wconf 88' lang='lat' dir='ltr'><strong>lectionis</strong></span> <span class='ocrx_word' id='word_1_255' title='bbox 1135 3708 1331 3787; x_wconf 80' lang='lat' dir='ltr'><strong>praestautia</strong></span> 
     </span>
     <span class='ocr_line' id='line_1_34' title="bbox 234 3801 1329 3886; baseline 0.005 -19"><span class='ocrx_word' id='word_1_256' title='bbox 234 3803 347 3867; x_wconf 85' lang='lat' dir='ltr'><strong>vincit.</strong></span> <span class='ocrx_word' id='word_1_257' title='bbox 393 3801 529 3865; x_wconf 88' lang='lat' dir='ltr'><strong>Medius</strong></span> <span class='ocrx_word' id='word_1_258' title='bbox 543 3801 647 3865; x_wconf 82' lang='lat' dir='ltr'><strong>forma</strong></span> <span class='ocrx_word' id='word_1_259' title='bbox 661 3809 715 3865; x_wconf 89' lang='lat' dir='ltr'><strong>est</strong></span> <span class='ocrx_word' id='word_1_260' title='bbox 729 3802 878 3880; x_wconf 88' lang='lat' dir='ltr'><strong>minima,</strong></span> <span class='ocrx_word' id='word_1_261' title='bbox 894 3803 1021 3886; x_wconf 88' lang='lat' dir='ltr'><strong>primus</strong></span> <span class='ocrx_word' id='word_1_262' title='bbox 1034 3811 1068 3869; x_wconf 87' lang='lat' dir='ltr'><strong>et</strong></span> <span class='ocrx_word' id='word_1_263' title='bbox 1084 3806 1202 3871; x_wconf 87' lang='lat' dir='ltr'><strong>tertius</strong></span> <span class='ocrx_word' id='word_1_264' title='bbox 1220 3808 1329 3874; x_wconf 85' lang='lat' dir='ltr'><strong>maxi-</strong></span> 
     </span>
     <span class='ocr_line' id='line_1_35' title="bbox 233 3895 1329 3976; baseline 0.008 -9"><span class='ocrx_word' id='word_1_265' title='bbox 233 3923 305 3968; x_wconf 91' lang='lat' dir='ltr'><strong>ma:</strong></span> <span class='ocrx_word' id='word_1_266' title='bbox 329 3923 446 3968; x_wconf 89' lang='lat' dir='ltr'><strong>omnes</strong></span> <span class='ocrx_word' id='word_1_267' title='bbox 475 3907 584 3968; x_wconf 86' lang='lat' dir='ltr'><strong>tamen</strong></span> <span class='ocrx_word' id='word_1_268' title='bbox 606 3904 640 3966; x_wconf 90' lang='lat' dir='ltr'><strong>in</strong></span> <span class='ocrx_word' id='word_1_269' title='bbox 668 3905 873 3971; x_wconf 86' lang='lat' dir='ltr'><strong>membrana.</strong></span> <span class='ocrx_word' id='word_1_270' title='bbox 916 3905 987 3970; x_wconf 88' lang='lat' dir='ltr'><strong>Iste</strong></span> <span class='ocrx_word' id='word_1_271' title='bbox 1015 3895 1155 3972; x_wconf 75' lang='lat' dir='ltr'><strong>antehac</strong></span> <span class='ocrx_word' id='word_1_272' title='bbox 1184 3895 1329 3976; x_wconf 88' lang='lat' dir='ltr'><strong>Illustris</strong></span> 
     </span>
     <span class='ocr_line' id='line_1_36' title="bbox 234 4003 1327 4091; baseline 0.009 -23"><span class='ocrx_word' id='word_1_273' title='bbox 234 4003 373 4082; x_wconf 76' lang='lat' dir='ltr'><strong>Graevii,</strong></span> <span class='ocrx_word' id='word_1_274' title='bbox 390 4005 483 4069; x_wconf 86' lang='lat' dir='ltr'><strong>visus</strong></span> <span class='ocrx_word' id='word_1_275' title='bbox 498 4003 580 4068; x_wconf 86' lang='lat' dir='ltr'><strong>milri</strong></span> <span class='ocrx_word' id='word_1_276' title='bbox 595 4012 674 4070; x_wconf 88' lang='lat' dir='ltr'><strong>ante</strong></span> <span class='ocrx_word' id='word_1_277' title='bbox 685 4007 815 4091; x_wconf 82' lang='lat' dir='ltr'><strong>aliquot</strong></span> <span class='ocrx_word' id='word_1_278' title='bbox 833 4027 938 4072; x_wconf 89' lang='lat' dir='ltr'><strong>annos</strong></span> <span class='ocrx_word' id='word_1_279' title='bbox 952 4008 1042 4091; x_wconf 91' lang='lat' dir='ltr'><strong>apud</strong></span> <span class='ocrx_word' id='word_1_280' title='bbox 1059 4008 1110 4074; x_wconf 90' lang='lat' dir='ltr'><strong>Cl.</strong></span> <span class='ocrx_word' id='word_1_281' title='bbox 1121 4008 1253 4090; x_wconf 89' lang='lat' dir='ltr'><strong>Virum,</strong></span> <span class='ocrx_word' id='word_1_282' title='bbox 1267 4011 1327 4078; x_wconf 84' lang='lat' dir='ltr'><strong>Jo.</strong></span> 
     </span>
     <span class='ocr_line' id='line_1_37' title="bbox 233 4103 1328 4190; baseline 0.008 -20"><span class='ocrx_word' id='word_1_283' title='bbox 233 4103 361 4170; x_wconf 88' lang='lat' dir='ltr'><strong>Theod.</strong></span> <span class='ocrx_word' id='word_1_284' title='bbox 375 4104 662 4183; x_wconf 86' lang='lat' dir='ltr'><strong>Schalbruchium,</strong></span> <span class='ocrx_word' id='word_1_285' title='bbox 678 4105 780 4190; x_wconf 85' lang='lat' dir='ltr'><strong>Lycei</strong></span> <span class='ocrx_word' id='word_1_286' title='bbox 802 4107 1136 4175; x_wconf 79' lang='lat' dir='ltr'><strong>Amstelaedamensis</strong></span> <span class='ocrx_word' id='word_1_287' title='bbox 1152 4110 1328 4178; x_wconf 75' lang='lat' dir='ltr'><strong>Professo-</strong></span> 
     </span>
     <span class='ocr_line' id='line_1_38' title="bbox 233 4197 1327 4296; baseline 0.009 -26"><span class='ocrx_word' id='word_1_288' title='bbox 233 4225 314 4284; x_wconf 90' lang='lat' dir='ltr'><strong>rem,</strong></span> <span class='ocrx_word' id='word_1_289' title='bbox 329 4211 363 4271; x_wconf 88' lang='lat' dir='ltr'><strong>et</strong></span> <span class='ocrx_word' id='word_1_290' title='bbox 375 4204 568 4273; x_wconf 89' lang='lat' dir='ltr'><strong>Scholamm</strong></span> <span class='ocrx_word' id='word_1_291' title='bbox 588 4205 781 4290; x_wconf 86' lang='lat' dir='ltr'><strong>Rectorem,</strong></span> <span class='ocrx_word' id='word_1_292' title='bbox 799 4209 859 4276; x_wconf 88' lang='lat' dir='ltr'><strong>sed</strong></span> <span class='ocrx_word' id='word_1_293' title='bbox 873 4210 990 4276; x_wconf 87' lang='lat' dir='ltr'><strong>usibus</strong></span> <span class='ocrx_word' id='word_1_294' title='bbox 1003 4197 1088 4277; x_wconf 84' lang='lat' dir='ltr'><strong>meis</strong></span> <span class='ocrx_word' id='word_1_295' title='bbox 1105 4219 1252 4296; x_wconf 80' lang='lat' dir='ltr'><strong>negatus,</strong></span> <span class='ocrx_word' id='word_1_296' title='bbox 1268 4215 1327 4280; x_wconf 89' lang='lat' dir='ltr'><strong>de-</strong></span> 
     </span>
    </p>
   </div>
   <div class='ocr_carea' id='block_1_5' title="bbox 0 0 1494 4890">
    <p class='ocr_par' dir='ltr' id='par_1_5' title="bbox 0 0 1494 4890">
     <span class='ocr_line' id='line_1_39' title="bbox 0 0 1494 4890; baseline 0 5"><span class='ocrx_word' id='word_1_297' title='bbox 0 0 1494 4890; x_wconf 95' lang='lat' dir='ltr'><strong> </strong></span> 
     </span>
    </p>
   </div>
  </div>
 </body>
</html>
