2958 4892
437 399 490 449 su
512 399 645 450 murus
667 401 864 454 nnunuurr.
1147 398 1214 468 tm

112 533 210 596 modo
224 536 346 597 tollatur
359 537 445 612 illud,
459 551 515 614 sst,
529 541 610 622 quod
624 563 660 606 ex
673 543 852 624 glossemate
876 545 934 607 buc
946 548 1072 629 impsit.
1106 551 1213 614 llossit

120 631 218 691 referri
227 641 266 692 et
279 633 317 692 ad
332 653 426 712 genus
439 635 675 700 choriambicum.
717 641 871 704 Secundus
893 653 991 722 potest
1005 664 1072 706 ssse
1085 647 1211 710 trochai-

120 745 174 786 cus
189 729 322 788 seuerius
336 731 548 800 catalecticus:
579 733 633 792 sed
655 734 780 796 fumosae
803 735 943 798 iambicus
966 740 1093 802 trimeter
1106 743 1212 819 luerat,

121 821 162 881 sic
176 822 215 881 ad
229 823 351 883 formam
366 843 449 885 suam
464 826 661 906 redigendus:

238 949 347 1010 lunata
359 950 496 1031 cuiquam
509 963 592 1014 tanta
605 965 639 1014 nt
652 953 707 1016 siet
720 957 868 1018 vecordia.

158 1076 254 1148 Tunc,
269 1076 335 1148 sict,
349 1076 435 1138 luerit
451 1079 697 1159 monosyllabum.
730 1081 872 1162 Exempla
892 1085 1006 1148 infinita
1020 1100 1098 1151 suut
1139 1093 1209 1158 Ter·

120 1174 176 1232 tius
190 1181 236 1230 est
255 1172 421 1234 trochaicus
442 1176 626 1254 septenarius
651 1177 852 1252 catalecticus,
875 1182 1041 1262 cujusmodi
1065 1205 1124 1250 uon
1149 1209 1209 1248 me-

119 1269 247 1328 minime
261 1268 371 1329 multos
386 1269 503 1349 legere:

237 1395 278 1454 Ut
291 1396 391 1456 mss-lis
402 1397 548 1476 gau-deut
558 1399 755 1480 slien'·at·qu’
768 1403 1052 1470 emin-commodis.

155 1523 279 1594 Tamen,
292 1524 372 1603 quod
397 1525 493 1586 miuus
508 1526 646 1586 credibile
660 1527 805 1604 videatur,
827 1551 864 1590 ex
889 1534 991 1613 regule
1012 1547 1043 1596 et
1065 1539 1204 1601 observa·

118 1619 206 1692 tione,
220 1640 289 1698 quac
310 1621 429 1682 inferius
453 1633 576 1702 ponetur
600 1623 638 1684 de
661 1623 977 1706 elidenduspoterit
997 1651 1063 1692 csse
1077 1636 1208 1698 senarius

118 1733 157 1774 src
168 1735 176 1774 ε

237 1810 279 1870 Ut
292 1812 517 1894 mali-'gaudeat
530 1815 649 1875 a-lienis
665 1815 746 1894 atqu'
760 1817 1027 1881 oximum-modis.

155 1937 218 1998 Erit
232 1939 374 2018 synizesis
388 1944 417 2002 in
432 1943 563 2004 secundo
577 1945 663 2024 pede,
678 1955 712 2005 ut
725 1955 756 2006 et
768 1945 798 2004 in
813 1947 908 2020 tertio,
923 1948 965 2008 nil
981 1949 1173 2030 frequentius.

194 2035 327 2104 Quartus
340 2047 405 2098 este

235 2129 367 2190 Alterius
382 2151 436 2192 sua
450 2143 482 2193 ut
495 2144 646 2212 comperet
658 2135 831 2198 commodat
851 2137 898 2198 nb.

155 2223 233 2286 Puto
244 2225 432 2288 scribendum
442 2247 519 2298 esse,
530 2228 709 2290 Altarissat
730 2231 941 2294 mammona
951 2237 1205 2312 componet-at.

155 2353 216 2414 Erit
229 2355 394 2437 dactylicus
407 2359 620 2438 quaternarius.
662 2358 740 2420 lllud
754 2373 852 2420 autem
866 2361 905 2420 als
919 2371 1002 2422 extra
1012 2382 1126 2424 versum
1141 2367 1205 2440 erit,

116 2458 149 2506 ut
162 2450 260 2511 solent
273 2471 339 2512 esse
353 2455 593 2528 exclamationes,
606 2455 836 2536 inteq'ectionss,
851 2456 880 2514 in
894 2457 952 2516 fios
965 2469 997 2518 et
1009 2458 1103 2532 initio,
1125 2463 1205 2540 apud

116 2543 304 2624 Sophoclem,
320 2549 498 2628 Euripidem,
513 2549 747 2631 Aristophanem.
789 2551 867 2620 Quin
883 2561 914 2612 et
934 2553 1014 2634 apud
1037 2555 1204 2618 Terentium

116 2637 210 2718 ipsum
223 2644 360 2722 exempla
373 2645 509 2723 reperies.

396 2753 443 2813 De
460 2753 589 2826 Cretico,
603 2775 656 2816 sen
670 2755 886 2834 Amphimacro.

115 2863 285 2924 Joacbimus
302 2865 497 2940 Camerarius,
508 2867 550 2926 vir
568 2867 642 2925 iuter
656 2865 820 2924 Germanos
834 2866 977 2945 superiori
989 2869 1099 2928 saeculo
1112 2870 1203 2951 insig-

115 2959 171 3031 nis,
186 2959 441 3033 honoratissimus,
463 2971 493 3021 et
505 2961 595 3040 longe
614 2961 753 3040 optimus,
766 2969 861 3040 putat,
875 2962 1020 3022 Creticum
1035 2961 1064 3022 in
1080 2963 1202 3026 iambico

115 3063 143 3112 et
156 3055 307 3116 trochaico
322 3075 429 3134 genere
443 3056 538 3116 locum
553 3057 661 3118 bebere
683 3077 743 3116 nou
762 3075 869 3136 posse:
891 3057 975 3118 multi
990 3069 1092 3118 contra
1106 3060 1203 3120 nitun-

113 3159 168 3211 tur.
211 3151 272 3212 Sed
287 3152 447 3214 rideamus.
489 3153 523 3212 ln
540 3152 616 3214 And.
632 3163 689 3214 aot.
704 3173 728 3213 1.
743 3173 785 3214 sc.
801 3155 827 3212 1.
843 3155 893 3214 25.
907 3153 1033 3234 legitur:

192 3281 324 3342 Liberius
338 3281 455 3344 vivendi
468 3283 523 3344 luit
536 3291 685 3363 potestus:
706 3301 774 3342 narn
788 3291 885 3344 antea.

153 3395 254 3469 Debe't
266 3419 365 3470 autem
379 3427 445 3470 esse
458 3427 561 3470 sersus
573 3410 706 3470 senarius
716 3409 866 3474 iambicus.
906 3409 1011 3490 ltaque
1032 3416 1041 3446 ‘
1054 3411 1182 3473 liberius
1194 3414 1201 3438 '

112 3505 167 3566 erit
181 3505 318 3566 Creticus
342 3507 448 3566 extrito
471 3507 506 3578 E,
528 3506 609 3586 quud
623 3507 710 3566 breve
733 3517 791 3580 ast,
812 3507 898 3586 quasi
916 3507 1131 3586 pronuntiares,
1155 3509 1203 3566 Li·

104 3601 204 3661 ·brius.
248 3603 390 3682 Exempla
411 3603 474 3682 ejus
488 3603 529 3663 rei
544 3613 614 3663 sunt
626 3603 849 3664 innumerabilis
862 3604 891 3662 in
906 3604 1025 3663 comicis
1038 3612 1070 3662 et
1082 3602 1202 3680 tragicis

110 3697 252 3778 antiquis.
303 3698 383 3765 Quin
405 3707 436 3759 et
462 3700 541 3779 apud
563 3699 717 3780 Virgilium
741 3699 996 3780 diligentissimum
1020 3697 1202 3776 scriptorem,

111 3793 209 3872 legas,
228 3795 334 3872 aspris,
359 3814 424 3873 pro,
438 3795 566 3876 asperis;
596 3805 767 3866 semustum,
790 3815 853 3874 pro,
876 3793 1066 3860 semiustum
1086 3791 1201 3862 vinclis,

102 3909 172 3968 pro,
187 3888 332 3956 vinculis:
355 3888 496 3962 oraclum,
519 3909 583 3971 pro,
603 3891 772 3957 oraculum
795 3887 984 3967 gubernaclo,
1008 3904 1072 3964 pro,
1095 3887 1202 3964 guber·

107 3984 239 4051 naculot
261 3983 378 4056 circlos,
392 4002 456 4064 pro,
481 3985 623 4052 circulos;
640 3994 674 4044 et
694 3983 843 4062 maniplis,
865 3999 928 4060 pro,
950 3979 1117 4059 manipulis.
1157 3983 1202 4044 Ac

109 4081 132 4140 si
145 4079 311 4142 elidatan
330 4081 521 4154 iu,·liberius,
546 4081 627 4160 quod
646 4081 827 4151 olim-fiebat,
850 4077 906 4137 erit
927 4086 1042 4138 tentum
1055 4075 1203 4160 dactylus,

107 4173 214 4235 libriu'.
253 4177 298 4234 ’At
316 4173 401 4247 lllud,
419 4175 490 4247 luit,
511 4174 566 4236 erit
578 4173 831 4254 monosyllabum:
862 4172 943 4252 quod
964 4181 994 4233 et
1012 4191 1111 4234 venum
1135 4192 1201 4236 esse

96 4269 258 4330 >interdum
282 4269 355 4330 scio.
400 4269 484 4330 Tunc
508 4269 643 4332 Creticus
667 4269 805 4330 esclusm
825 4267 921 4330 luerit.
962 4267 1041 4346 Ergo
1054 4277 1202 4344 quaeratur
