2958 4892
371 424 404 477 nt
428 427 539 477 sanni
564 423 952 477 oasnuvsnruneums.
1138 409 1203 475 te:

115 569 234 648 negotio
247 576 278 628 et
292 567 356 628 sine
371 569 448 628 omni
474 569 649 628 insuavitate
670 567 819 648 explicuit.
860 567 959 636 Quare
974 581 1032 626 nou
1047 566 1202 639 ¹assentior,

114 683 209 743 neque
233 663 406 736 Plutarcho,
432 665 483 743 qui
517 667 687 738 Homerum,
715 663 879 724 studiosum
905 664 992 722 bonae
1015 662 1200 734 narrationis,

116 759 354 839 compositionem
368 759 537 838 neglexisse
559 761 669 833 scribit,
693 769 724 820 et
745 761 870 839 primum
892 759 990 820 statim
1003 777 1118 818 versum
1134 761 1203 837 lips·

117 877 179 932 rpnv
192 855 355 914 extulisse:

233 967 334 1038 Μῆνιν
348 964 437 1034 dende,
451 969 514 1036 ded,
529 965 696 1038 Πηληϊάδεω
710 965 864 1048 Ἀχιλῆοιε

116 1095 173 1135 non
188 1076 266 1136 enim
281 1077 330 1136 ille
345 1077 386 1136 ita
408 1076 523 1148 extulit,
546 1089 581 1138 ut
594 1077 781 1151 Plutarchus,
799 1077 892 1138 multo
913 1077 1009 1136 minus
1029 1085 1065 1136 ut
1076 1095 1140 1148 nos,
1154 1095 1201 1136 se-

116 1171 242 1232 eundum
263 1173 440 1252 perscriptas
460 1173 577 1232 literas:
609 1193 706 1254 neque
728 1174 878 1254 scaligero
901 1172 1064 1234 infulcienti
1078 1171 1201 1232 creticos

116 1268 145 1325 in
158 1269 300 1328 iambicos
315 1268 428 1328 modos.
471 1267 534 1327 Etsi
552 1267 661 1329 adhoc
682 1269 827 1330 delabitur
848 1279 891 1339 ut,
905 1267 1053 1347 voluptas,
1067 1285 1201 1345 anapaes-

116 1361 201 1422 ticam
215 1363 288 1423 relit
307 1381 373 1422 esse
398 1361 577 1422 dictionem:
598 1363 630 1422 id
651 1363 770 1444 quidem
794 1363 909 1436 melius,
923 1362 976 1422 sed
989 1363 1048 1422 illm
1062 1363 1202 1438 mensal

117 1457 361 1536 pronuntiationis
375 1457 482 1518 rectius
496 1457 657 1536 expediunt
678 1479 825 1532 numeros,
839 1477 904 1519 mea
917 1459 1033 1538 quidem
1047 1458 1204 1530 sententia,

117 1563 145 1612 et
157 1554 332 1632 antiquitate
347 1563 431 1626 teste,
449 1553 533 1632 cujus
560 1574 651 1615 unium
673 1557 761 1618 etiam
775 1576 854 1616 nunc
876 1554 1042 1634 exemplum
1057 1553 1203 1614 adducere

116 1651 219 1722 risum,
234 1649 378 1710 Hesiodi:

225 1759 348 1840 Ἄσκρῃ,
362 1771 451 1842 χεῖμα
466 1762 547 1842 κακῇ,
561 1765 634 1839 θέρει
648 1765 788 1846 ἀργαλέῃ,
801 1759 925 1821 οὐδέποτ’
937 1761 1036 1842 ἐσθλῇ.

117 1871 259 1932 Estenim
274 1876 377 1949 θριῖει
391 1878 437 1946 λη.
478 1875 538 1936 Sed
553 1875 591 1936 de
611 1875 667 1934 bae
687 1894 729 1946 re,
750 1893 817 1934 eum
841 1882 955 1933 tantum
972 1871 1202 1952 jamverbomm

116 1966 243 2039 fecerim,
257 1967 325 2046 plus
348 1969 468 2046 quidem
486 1989 574 2048 quam
595 1970 679 2030 initio
702 1969 886 2028 institueram
907 1987 954 2028 me
967 1967 1113 2028 iacturum
1126 1986 1202 2040 esse,

117 2081 194 2121 nnnc
208 2061 352 2135 desinam,
366 2074 397 2122 et
414 2064 479 2126 boee
493 2075 594 2126 nostra
613 2065 727 2145 judicio
751 2064 872 2126 allorum
887 2063 1046 2124 submitto:
1067 2071 1107 2134 et,
1121 2062 1202 2140 qued

117 2165 218 2229 restat,
236 2158 470 2220 observationem
493 2171 522 2220 et
546 2179 647 2220 curam
667 2160 771 2220 hamm
785 2177 880 2219 rerum
901 2157 1083 2237 diligentium
1105 2155 1204 2215 studio

116 2253 276 2313 committe.
332 2251 637 2334 Quantulumcumque
672 2263 770 2315 autem
796 2271 915 2332 operam
940 2252 1018 2312 hanc
1051 2251 1205 2310 industrie

117 2365 189 2406 meoe
202 2347 291 2426 cupio
305 2366 407 2408 omnes
419 2350 489 2410 boni
502 2349 668 2421 consulere,
687 2347 767 2429 quod
781 2349 876 2408 boum
889 2357 921 2408 et
941 2349 1084 2408 bonarum
1098 2348 1202 2406 artium

117 2441 239 2520 cupidos
254 2443 316 2502 scin
331 2463 397 2504 esse
411 2445 559 2504 tacturos:
589 2443 610 2503 ii
623 2445 700 2504 enim
714 2463 809 2522 neque
823 2441 914 2502 ullam
927 2442 957 2500 iu
971 2441 1061 2500 literis
1075 2440 1202 2519 exquisi-

117 2537 223 2598 tionem
238 2539 325 2597 nimis
339 2559 457 2618 parvam
472 2551 503 2600 et
517 2541 631 2600 l'utilem
645 2541 767 2611 ducunt,
781 2558 878 2618 neque
890 2537 946 2598 bos
959 2547 1083 2598 conatus
1096 2533 1202 2616 judicii

116 2633 209 2694 nostri
221 2643 362 2714 poterunt
375 2635 540 2715 despicere:

237 2761 312 2841 Περὶ
325 2762 357 2823 δὲ
369 2775 424 2824 τῶν
437 2767 545 2839 ἄλλων,
559 2769 592 2825 nt
604 2768 713 2844 φροντὶε
724 2759 910 2844 Ἱπποκλείδῃ.

287 3177 330 3241 Τ.
364 3174 515 3244 FABRI
549 3173 1035 3244 OBSERVATIUNGULAE
1162 3175 1168 3194 ⁸

329 3355 591 3406 Mtscsntatlnm
607 3353 657 3405 Al>
674 3353 803 3406 METRA
816 3353 995 3406 usuam.

116 3513 188 3579 lssr
204 3539 235 3580 se
251 3517 321 3578 mibi
342 3537 451 3596 magna
464 3517 591 3598 quadam
604 3516 766 3597 voluptate,
786 3526 817 3578 et
837 3516 934 3578 fructu
955 3516 1036 3577 baud
1056 3516 1205 3589 mediocri,

114 3615 229 3693 privare
241 3613 388 3686 videntur,
402 3613 452 3692 qni
465 3613 631 3675 Terentium
646 3614 798 3674 studentes
811 3616 919 3692 legere,
932 3633 988 3673 nec
1002 3623 1094 3673 metra
1105 3621 1205 3672 tamen

114 3707 177 3782 illa,
191 3711 258 3788 qnia
280 3709 324 3768 uti
343 3709 500 3768 Terentius
524 3709 688 3783 cousuevit,
708 3727 827 3769 novere.
869 3707 1020 3768 Memoriae
1044 3707 1121 3766 enim
1143 3715 1206 3764 tam

114 3815 284 3876 venustum,
298 3814 417 3882 tamque
431 3803 583 3864 amabilem
608 3803 866 3883 scriptorequuis
886 3801 1026 3862 mandare
1050 3800 1156 3880 possit,
1176 3808 1207 3858 et

114 3899 290 3960 mandatum
303 3899 462 3971 custodire,
488 3899 544 3959 nisi
565 3900 591 3959 si
616 3909 647 3958 et
668 3899 731 3977 ipse
745 3908 839 3957 metra
858 3895 935 3954 illius
951 3893 1097 3956 senserit?
1118 3894 1206 3968 Dein,

112 3997 208 4056 multo
223 3995 278 4055 sibi
302 3994 442 4074 majorem
456 3993 711 4055 admirabilitatem
734 3993 823 4074 polita
836 3999 995 4070 comparet,
1009 3989 1059 4050 ubi
1074 3990 1207 4051 intellex-

114 4091 191 4151 en‘nt
203 4091 331 4151 lectores
345 4109 405 4169 quo
419 4109 526 4168 genere
539 4089 677 4150 carminis
690 4089 740 4150 hic
753 4097 806 4149 aut
823 4086 871 4148 bic
884 4096 993 4146 utatur.
1034 4086 1112 4147 Nam
1127 4087 1207 4166 apud

114 4185 285 4248 Terentium
303 4184 423 4266 quidem
437 4185 525 4266 plane
537 4183 579 4246 its
587 4183 719 4246 ridemus
734 4182 796 4244 lieri
809 4202 845 4244 ac
859 4179 939 4262 apud
952 4181 1107 4262 Virgilium
1121 4183 1207 4256 solet,
