2948 4890
254 371 298 438 94
484 383 666 434 osursurs
689 381 834 434 usrusrr
860 375 1122 438 urserunsuru.

256 529 333 592 Vere
347 531 497 594 scenicum
510 541 541 592 et
553 529 645 592 illud:

337 659 376 720 Et
388 670 547 740 postremo,
561 659 619 720 nisi
633 678 679 719 me
694 656 857 733 auscultas,
871 670 960 740 atque
972 659 1041 733 boc,
1056 669 1090 722 ut
1103 657 1182 736 dico,
1195 661 1279 736 lacis,

335 757 409 818 Tute
424 773 501 836 pone
521 765 550 816 te
564 753 671 816 latebis
686 754 785 827 facile,
799 773 837 815 ne
850 755 981 817 iuveniat
994 765 1024 818 te
1037 755 1142 817 bonor.

258 903 297 964 Et
310 902 376 982 quis
391 901 464 962 illud
478 910 561 962 extre
574 919 695 962 scenam
707 919 851 982 usurpare
864 899 966 962 ausitl

336 1043 498 1104 Renelaeta
510 1043 673 1104 benefactis
688 1041 754 1103 aliis
767 1043 924 1124 pertegito,
936 1063 975 1104 ne
986 1045 1152 1128 perpluaut.

256 1206 355 1275 Quare
366 1222 518 1284 nunquam
531 1201 674 1282 effugient
686 1202 756 1281 quin
771 1201 831 1264 sint
843 1203 945 1284 inepti,
959 1205 1011 1284 qui
1023 1203 1090 1266 hec
1100 1213 1130 1266 et
1143 1203 1201 1266 aliu
1214 1202 1244 1264 id
1257 1225 1352 1284 genos

256 1300 296 1362 ad
308 1301 415 1362 serium
430 1297 548 1362 dicendi
561 1317 655 1378 genus
677 1298 868 1360 transferunt.
910 1300 1143 1380 Consequentur
1164 1299 1253 1374 euiin,
1272 1301 1353 1381 quod

256 1397 443 1469 nousident,
466 1407 501 1458 ut
520 1395 603 1456 iuviti
627 1395 718 1456 risum
740 1407 897 1466 mercante
928 1397 1009 1476 quod
1023 1417 1083 1458 non
1098 1397 1186 1478 pauci
1210 1397 1301 1460 bodie
1322 1399 1353 1458 in

256 1493 373 1574 scriptis
388 1492 514 1554 maximo
527 1491 676 1552 molimine
698 1490 853 1552 aLaetore
870 1491 1036 1573 impetrant.
1080 1492 1219 1572 Sequitur
1232 1493 1265 1554 rb
1279 1491 1353 1564 ileos.

255 1590 347 1672 qnod,
362 1598 396 1652 ut
409 1587 497 1650 docet
509 1586 695 1660 Aristoteles,
719 1587 751 1648 in
764 1589 906 1660 oratioue,
930 1588 1162 1669 uniuscujusque
1186 1590 1352 1652 institutum

254 1686 369 1748 iudicat
392 1694 423 1748 et
436 1683 628 1746 voluntatem.
670 1682 759 1752 Quod
782 1683 813 1744 iu
839 1683 964 1763 singulis
986 1697 1207 1764 representare,
1230 1685 1288 1746 nisi
1302 1685 1355 1746 viri

256 1794 308 1846 aut
328 1781 482 1863 prudentis
507 1789 559 1842 aut
572 1777 756 1858 Philosophi.
779 1778 889 1840 nullius
905 1791 961 1840 est.
1003 1782 1080 1842 Nem
1103 1780 1354 1861 quemadmodum

256 1879 410 1958 esingulis
424 1876 618 1957 experientia,
635 1875 678 1936 ita
690 1895 777 1936 nemo
793 1876 976 1957 singulorum
989 1897 1085 1940 mores
1105 1879 1170 1938 sine
1183 1878 1242 1938 beo
1256 1879 1355 1958 expri-

256 1976 318 2036 mit
348 1975 446 2043 Quare
460 1972 590 2034 omnium
604 1973 822 2036 accuratissime
843 1985 874 2035 et
887 1975 1007 2054 optime,
1019 1974 1091 2054 quid
1105 1975 1145 2036 sit
1157 1975 1255 2035 iacere
1267 1985 1303 2036 ut
1317 1976 1357 2036 sit

255 2075 335 2143 ἠθικὴ
346 2070 453 2156 oratio,
468 2067 667 2148 Philosophus
681 2069 821 2130 ostendit.
864 2070 955 2140 Quod
976 2069 1023 2132 vel
1045 2069 1140 2132 solum
1159 2069 1236 2132 tanti
1250 2079 1308 2142 est,
1322 2080 1356 2130 ut

256 2167 329 2228 nihil
342 2167 439 2228 minus
453 2163 597 2238 nonnulli,
612 2163 663 2244 qui
678 2163 717 2224 ad
740 2164 965 2228 Rhetoricsrum
984 2185 1102 2228 suarum
1125 2165 1206 2246 leges
1229 2184 1354 2245 magno·

256 2283 320 2324 rum
340 2283 458 2343 quoque
482 2271 512 2323 et
533 2260 699 2322 sublimium
719 2260 904 2340 ingeniorum
927 2262 1075 2324 orationes
1090 2262 1209 2342 exigere
1231 2261 1354 2334 audent,

255 2360 312 2424 tac
326 2360 356 2420 iu
371 2369 454 2440 purte
466 2358 604 2420 videant:
635 2356 665 2416 in
684 2375 754 2435 qua,
776 2356 814 2418 ad
829 2357 921 2438 ipsius
943 2377 1063 2438 quoque
1085 2357 1269 2438 antiquitatis
1290 2369 1354 2418 stu·

255 2475 368 2536 porem,
381 2455 452 2518 At‘er
465 2456 522 2518 iste
535 2465 653 2534 regnat.
690 2455 783 2516 Recte
795 2474 866 2536 ergo
881 2456 995 2516 Varro:
1020 2455 1074 2516 ‘ln
1088 2454 1270 2535 mffomentis
1285 2454 1354 2516 Cae·

254 2552 338 2614 cilius
363 2550 462 2630 poscit
486 2549 625 2629 palmam,
655 2553 685 2612 in
710 2550 825 2612 ethesiu
852 2550 1027 2612 Terentius.¹
1082 2550 1236 2632 Significat
1263 2551 1354 2622 enim,

256 2647 410 2710 cecilium
420 2646 568 2723 εὐμενικὸν,
582 2646 741 2726 eutpotius
751 2649 963 2726 εὐοικονόμητον
974 2646 1067 2709 fuisse
1079 2667 1087 2706 2
1102 2645 1353 2726 quemadmodum

255 2748 467 2824 (ινοιιννόμηνον
487 2762 700 2822 nonuunquam
725 2763 787 2823 prae
806 2742 925 2822 reliquis
946 2742 1061 2804 videtur
1074 2742 1209 2816 Plautus,
1224 2743 1272 2806 cui
1293 2761 1354 2804 ser·

255 2843 350 2902 monis
364 2841 443 2902 idem
457 2841 620 2920 assignavit
633 2839 761 2902 laudem.
804 2837 904 2910 Quod,
919 2841 944 2900 si
966 2840 1124 2920 quicquam
1140 2839 1282 2920 sapimus,
1296 2841 1355 2902 Te·

254 2938 380 2998 rentium
395 2947 442 2998 est
455 2937 563 2998 Plauto
577 2937 725 3018 preferre.
768 2936 810 2994 Ut
823 2954 891 2996 cum
904 2953 983 3008 eum,
994 2937 1045 3014 qui
1059 2934 1178 2997 excellit
1190 2937 1220 2996 in
1238 2937 1354 3016 majori,

253 3035 350 3114 magis
363 3053 453 3113 quam
466 3034 516 3113 qui
537 3035 567 3094 iu
591 3031 706 3102 minori,
732 3029 857 3092 dicimus
878 3031 1031 3094 excellere.
1074 3032 1179 3112 Neque
1193 3033 1354 3096 causafuit

255 3123 1131 3208 elia,quare,quodobservautVeteres,idemVarro,etiam
1140 3127 1353 3201 Menandro‚in

254 3225 431 3304 quibusdam
439 3224 602 3304 pretulorit
611 3225 789 3299 Terentium,
801 3227 928 3306 exempli
935 3245 1037 3299 causa,
1046 3225 1249 3306 Adelphorum
1259 3225 1353 3286 initio.

256 3322 362 3401 Neque
376 3321 528 3381 immerito.
559 3321 683 3382 Mirifice
697 3322 786 3395 euim,
801 3341 870 3382 cum
884 3321 964 3394 alibi,
977 3331 1041 3382 tum
1055 3321 1094 3382 ibi
1113 3331 1219 3400 regnat
1231 3321 1263 3382 ri
1276 3319 1353 3392 ilbus.

255 3418 339 3479 Idem
352 3415 457 3491 Varro,
471 3436 539 3478 cum
549 3417 726 3498 Tragoedia,
743 3417 915 3490 Comoedias,
929 3435 965 3478 ac
980 3416 1085 3478 Satirm
1095 3417 1219 3496 effingat
1231 3417 1353 3490 formes,

255 3514 327 3593 quid
342 3513 380 3575 de
395 3523 497 3575 nostro
503 3513 628 3594 judicet,
643 3513 752 3575 diserte
775 3515 931 3597 expressit.
974 3513 1145 3573 Ubertatem
1159 3514 1237 3572 enim
1251 3514 1355 3574 tribuit

254 3611 429 3692 Tragoedias,
444 3631 532 3690 quam
555 3611 608 3671 dat
622 3611 770 3672 Pacuvio:
792 3611 987 3691 gracilitatem
1013 3609 1128 3683 Satirae,
1149 3626 1237 3687 quam
1251 3608 1354 3668 tribuit

256 3707 387 3769 Lucilio:
407 3707 640 3768 mediocritatem
654 3726 734 3779 sero,
760 3705 933 3778 comedim,
957 3723 1046 3786 quam
1061 3703 1114 3764 dat
1126 3703 1272 3764 Terentio.
1313 3705 1354 3764 Ut

255 3805 361 3884 siquis
383 3803 528 3864 uberrimo
543 3802 685 3863 sermonis
710 3821 817 3882 genere
838 3801 990 3864 heroicum
1014 3800 1137 3862 definiat
1157 3799 1300 3869 Po'e'tem;
1323 3812 1353 3862 et

253 3899 312 3960 boa
324 3900 434 3961 tribuat
447 3898 583 3978 Virgilio.
623 3899 719 3958 Aulus
737 3897 851 3958 Gellius
873 3898 1000 3960 lib.vrr.
1023 3893 1090 3976 cap.¹
1106 3898 1152 3956 13.
1186 3895 1285 3956 ‘Vera
1300 3915 1353 3958 au·

254 4005 314 4056 tem
327 4007 359 4058 et
371 3997 489 4077 propria
500 3995 668 4076 hujusmodi
684 3995 846 4056 turmarum
861 3994 1005 4074 exempla,
1016 3994 1047 4054 in
1061 3994 1163 4072 lingua
1177 3991 1291 4065 lebna,
1307 3992 1351 4053 M.

253 4087 348 4152 Varro
359 4112 426 4153 esse
440 4091 522 4165 dicit,
537 4093 679 4154 ubertatis
694 4092 868 4165 Pacuvium,
882 4089 1055 4172 gracilitatis
1071 4088 1224 4161 Lucilium,
1239 4087 1352 4148 medio-

254 4184 364 4250 critatis
386 4187 576 4250 Terentium:
616 4190 691 4258 Quae
715 4199 761 4250 est
785 4187 823 4249 de
848 4184 1023 4260 Comoediee,
1047 4183 1297 4266 quemadmodum
1320 4185 1351 4246 iu
