2972 4900
422 386 580 436 sunnis
601 387 684 436 ser.
709 390 760 438 rv.
784 389 837 440 sc.
861 391 895 439 v.
1139 378 1205 444 367

109 526 199 590 Nem
214 526 287 610 pol,
301 527 330 590 si
345 527 381 592 id
395 529 544 607 scissem,
558 549 727 612 nunquam
741 531 807 596 hnc
821 531 1009 598 tetulissem
1024 532 1165 618 pedem:

108 628 246 710 Semper
256 631 341 692 euim
356 629 447 694 dicta
460 629 500 694 'st
515 631 589 711 ejus
605 632 690 707 heac,
706 640 810 714 atque
823 632 938 699 habita
952 635 996 698 'st
1011 655 1116 700 soror.

108 727 196 806 Quae
211 729 303 793 illius
318 730 459 806 inerunt,
475 731 632 812 possidet.
678 732 777 797 Nunc
791 754 845 798 me
861 735 1028 816 hospitem
1144 735 1204 800 ,15

107 829 201 894 Lites
216 831 325 914 sequi,
347 853 444 915 quem
459 833 513 896 hic
528 832 608 895 mihi
623 833 668 897 sit
681 833 780 898 facile
794 841 894 919 atquc
908 837 1001 915 utile,

106 929 259 996 Aliorum
273 934 430 1018 exempla
446 941 666 1000 commonent.
712 935 817 1002 Simul
832 939 983 1015 arbitror,

104 1033 127 1097 J
130 1053 185 1098 arn
200 1035 348 1120 aliquem
364 1055 439 1099 esse
453 1036 596 1099 amicum
613 1043 648 1099 et
662 1036 866 1102 defensorem
880 1040 929 1102 el:
955 1059 1030 1106 nurn
1043 1041 1109 1106 sere

106 1135 354 1202 Grandiuscula
363 1137 435 1219 jarn
450 1134 604 1218 prolecta
618 1135 660 1201 'st
673 1137 785 1202 illinc:
809 1139 990 1218 clamitent,

105 1235 164 1300 Me
178 1238 435 1321 sycophantam,
450 1235 665 1302 hereditates
680 1241 846 1322 persequi,
1156 1243 1200 1310 20

93 1450 236 1528 serentibus
244 1451 355 1514 auspiciis
364 1451 409 1500 isse
417 1452 512 1516 nppsii:
529 1467 583 1528 uam
598 1455 645 1515 pol,
663 1453 684 1502 si
702 1453 818 1531 scivissem
831 1456 966 1534 Glycerium
980 1463 1089 1536 parentes
1105 1475 1150 1508 nors
1162 1474 1199 1508 re·

101 1515 389 1642 ttt‘tttffluit‘.
404 1518 605 1641 &iiiiii-¹
614 1532 730 1629 uitii
739 1521 1206 1646 ..ititil'ttii‘tzttttt

102 1650 172 1704 sepse
180 1644 241 1692 stile
250 1614 399 1692 triremem
409 1644 457 1700 trie,
466 1644 490 1691 irr
501 1643 577 1692 elima
588 1644 676 1706 petris,
686 1646 787 1706 piurima
802 1601 1006 1710 erempl'niloeesrt.
1039 1651 1116 1713 Atque
1127 1653 1199 1700 etiam

102 1709 182 1768 opinor
195 1705 334 1771 Glycerium
345 1707 400 1766 jem
416 1708 517 1769 aliquem
535 1711 636 1755 emirum
655 1709 738 1757 hebere
755 1715 777 1758 et
789 1711 930 1770 defensorem
940 1719 1065 1775 puratum:
1084 1715 1199 1772 sumsere

99 1771 269 1831 grandiuscule
283 1775 355 1820 aeiute
370 1787 401 1820 ee
410 1771 494 1822 Andro
511 1772 555 1820 leuc
571 1773 675 1821 Alienus
689 1775 812 1835 migrarit.
849 1775 936 1826 Vereor
946 1791 975 1826 rre
991 1792 1026 1826 me
1042 1779 1088 1844 ipsi
1098 1781 1198 1829 elumen

100 2069 235 2132 ampiesrn
257 2071 307 2120 lrnc
325 2084 367 2120 me
387 2072 495 2135 sppuli.'
526 2073 569 2122 Ite
587 2074 691 2136 quidem
711 2073 852 2123 Putschius
871 2074 964 2123 dedit:
990 2075 1036 2124 sed
1054 2076 1136 2124 nostri
1159 2076 1196 2126 ibi

100 2133 177 2184 cedd.
187 2135 272 2196 attuli,
282 2141 311 2183 nt
323 2141 351 2184 et
361 2135 397 2184 illi
409 2151 471 2200 quos
487 2137 520 2186 G.
530 2139 559 2186 F.
577 2146 605 2186 et
623 2139 891 2188 manumulierum.
912 2139 981 2186 lieet.
1015 2139 1089 2188 Llnsl.
1105 2143 1196 2202 appeti,

100 2205 129 2247 ut
145 2201 170 2248 ln
193 2199 240 2249 lib.
259 2199 339 2262 antiq.
350 2200 417 2248 Peri.
448 2201 537 2264 Appuis'
557 2201 618 2250 dent
630 2203 675 2250 Br.
688 2202 717 2250 Ζ.
735 2203 814 2251 Both.
831 2203 876 2266 qni
888 2203 952 2265 tegit
964 2204 1003 2251 rii
1021 2218 1067 2265 pro
1079 2204 1196 2252 Arre—le

100 2261 163 2322 Alii,
179 2263 323 2322 retulim,
335 2271 468 2326 corrupte,
479 2266 577 2326 opinor.
598 2266 673 2314 West.
706 2266 844 2318 retulissem
857 2264 999 2315 Diomedes
1007 2267 1051 2316 lib.
1062 2282 1082 2317 r.
1091 2281 1121 2316 ec
1131 2268 1197 2316 Mes.

99 2327 171 2375 lind.
207 2327 358 2376 Tetulissem:
375 2327 412 2376 sic
424 2329 572 2378 Plautinum
584 2336 623 2377 est
635 2331 659 2378 iu
673 2331 776 2390 plurim.
788 2329 851 2378 libb.
864 2329 906 2378 ΑΙ.
916 2332 1020 2378 retuliss.
1030 2331 1071 2380 ΑΙ.
1090 2331 1195 2380 detuliss.

100 2391 240 2442 Pede-ld
266 2392 324 2452 liius
340 2391 417 2440 Bodl.
441 2394 633 2456 nouuguoscit.
654 2395 730 2444 West.
763 2393 796 2442 G.
813 2402 840 2442 et
862 2394 918 2442 ET.
945 2394 1043 2456 Semper
1061 2394 1110 2454 ejus
1131 2396 1196 2444 dieta

100 2469 148 2504 esse
159 2456 217 2504 iae.
251 2455 291 2504 ld.
313 2456 338 2503 ia
350 2455 423 2504 Add.
444 2456 520 2505 Dicte
531 2463 565 2506 est
582 2459 632 2518 ejus
647 2459 713 2508 iac:
732 2459 831 2506 suriunt
850 2458 892 2506 hle
909 2459 999 2520 scripti
1011 2458 1127 2508 codices:
1145 2461 1196 2520 ejus

100 2520 223 2569 distresse
232 2519 298 2568 λαστ
314 2519 624 2583 sedmeliurquodinli.
658 2523 902 2584 Sempererimdieta
918 2522 967 2582 dur
977 2523 1120 2571 irmelind.
1151 2524 1195 2572 Sic

100 2583 131 2632 V.
143 2593 171 2632 et
185 2585 246 2632 lise.
263 2583 362 2643 Semper
370 2585 432 2633 enim
442 2585 506 2634 elicta
517 2590 553 2634 est
568 2599 616 2634 esse
627 2587 685 2647 iar,
695 2593 765 2650 utque
781 2586 862 2636 iubilo
873 2592 909 2636 esi
918 2602 993 2635 seror.
1027 2587 1130 2651 Reliqui
1142 2601 1195 2636 om·

98 2661 144 2696 nes
158 2647 262 2707 Geirei,
277 2646 372 2709 Semper
387 2647 444 2708 eius,
462 2651 501 2710 ic.
536 2649 606 2712 Lege
624 2649 720 2714 Semper
738 2652 761 2698 ei
778 2651 843 2698 dicte
859 2657 894 2700 est
910 2665 959 2700 esse
978 2651 1028 2700 trec
1049 2657 1129 2713 alpes,
1154 2654 1195 2712 ipe.

97 2711 192 2760 Sensus
201 2718 242 2760 est
254 2713 356 2772 gravior
369 2725 416 2774 per
427 2713 562 2774 acredula,
572 2714 673 2762 sssbleto
685 2714 756 2764 euim.
768 2715 843 2762 Benr.
900 2713 996 2777 Semper
1013 2714 1063 2773 eius
1079 2715 1143 2761 dicte
1160 2719 1195 2762 est

98 2781 241 2838 “semetque
259 2775 340 2823 inlito
357 2781 392 2824 est
408 2789 473 2824 soror
489 2777 539 2824 lsoee
558 2777 602 2826 Br.
636 2778 697 2826 Hoec
714 2792 804 2838 semper
819 2791 868 2826 esse
886 2777 951 2825 dieta
975 2783 1010 2826 est
1031 2783 1101 2840 utque
1118 2777 1195 2826 Botlr.

99 2839 192 2888 Perlet
205 2847 292 2888 monet
303 2837 393 2888 Guelf.
408 2843 432 2887 2.
449 2840 543 2890 hebere
554 2855 601 2890 esse
610 2842 661 2890 lure
675 2843 730 2890 siue
743 2841 801 2900 eius,
811 2849 838 2890 et
848 2842 872 2889 iu
886 2839 973 2889 Guelt'.
984 2845 1009 2888 s.
1023 2843 1083 2904 poni
1101 2840 1195 2889 ‘esse'

99 2911 160 2965 post
177 2902 324 2952 *αι’-16
335 2903 388 2952 Pro
405 2903 443 2951 ln'e
460 2905 519 2968 lego
530 2905 566 2964 id,
578 2903 611 2952 ob
630 2903 706 2953 tidem
725 2914 837 2967 quatuor
846 2903 923 2954 codd.
936 2905 1146 2968 sutiqrrornm,et
1160 2905 1194 2953 ob

98 2983 212 3016 sensuru-
230 2967 307 3023 Num,
318 2981 376 3016 curn
392 2969 400 2994 ‘
414 2967 527 3016 Aliorum
539 2969 675 3029 crrernplu'
687 2969 767 3028 dicet,
779 2984 830 3017 non
842 2969 908 3016 solas
921 2967 1038 3016 Athenas
1047 2970 1103 3018 vult
1115 2969 1191 3016 intel·

98 3033 153 3092 liei,
164 3032 213 3080 sed
225 3033 340 3094 quamvls
352 3031 493 3082 civitatem.
511 3033 583 3082 Bert.
617 3033 648 3082 Id
670 3033 716 3082 det
736 3034 812 3082 Bctlr.
833 3033 910 3088 Quem
926 3032 986 3080 rrss'ii
1005 3031 1092 3080 Gueli.
1103 3035 1194 3080 ³.-lti

101 3097 139 3144 Ei.
152 3097 186 3144 G.
198 3109 256 3143 cum
268 3094 323 3143 ET.
341 3103 369 3142 et
386 3097 446 3144 EM.
462 3099 519 3158 ejus.
536 3097 618 3146 Wert.
651 3097 712 3158 Ejus
730 3097 762 3146 V.
775 3099 804 3146 C.
825 3097 897 3146 Lird.
931 3097 1089 3146 concinnius
1100 3097 1160 3154 erit,
1172 3096 1195 3144 si

98 3175 157 3208 curn
176 3159 415 3222 quiescientium
431 3159 547 3210 editione
566 3168 616 3209 set.
638 3161 768 3209 colloces:
785 3162 843 3208 Jum
861 3175 909 3210 erse
926 3161 1035 3224 almum,
1055 3163 1095 3222 dc.
1114 3161 1193 3210 licut.

98 3224 163 3272 Mes.
175 3223 299 3286 Peneius
316 3238 361 3284 pro
380 3225 402 3272 ei
422 3225 504 3272 minus
522 3225 665 3286 eleganter.
682 3225 748 3273 Perl.
784 3225 844 3284 liius
854 3225 898 3273 Br.
918 3225 1041 3286 Esseulip.
1053 3225 1195 3274 Burin-ill

100 3288 130 3335 ll.
140 3287 280 3351 presectrr'st
296 3289 361 3336 illine
371 3289 446 3338 clem:
466 3289 596 3347 clamitent,
606 3291 645 3352 tre.
663 3288 804 3337 lind-20
823 3289 995 3338 Hereditatem
1014 3287 1047 3338 G.
1067 3289 1118 3338 ΕΤ.
1131 3289 1194 3338 ΕΜ.

102 3353 180 3402 West.
214 3352 297 3402 codd.
312 3353 605 3416 necennensium,
625 3367 662 3401 sc.
675 3354 742 3402 hauc
759 3353 900 3416 Chrysidis.
922 3353 1026 3402 Melius.
1061 3353 1194 3415 Ceterum,

596 3529 702 3579 NOTAE

99 3673 426 3738 picato'verosigrritlest‚
444 3674 563 3738 suspiriis
583 3689 627 3724 ne·
699 3679 731 3724 20
748 3673 932 3739 Spespltmtrm]
957 3673 1021 3722 Cum
1049 3673 1077 3721 in
1104 3669 1195 3722 Attica

99 3751 202 3814 glectis.
219 3751 389 3814 Et‚quoniem
401 3752 509 3801 Romani
519 3752 580 3800 nitrtl
590 3753 627 3801 in·
666 3765 758 3813 magna
769 3757 839 3799 esset
850 3748 944 3797 ficuum
961 3747 1046 3810 copie,
1057 3747 1089 3795 ad
1101 3760 1143 3795 ees
1155 3761 1195 3796 ss·

99 3826 242 3889 eripiebant,
262 3826 311 3874 nisi
330 3827 420 3876 sumtis
442 3828 570 3892 auspiciis,
590 3828 627 3877 id·
667 3825 805 3874 servandas
831 3824 934 3888 publice
954 3821 1075 3872 custodes
1098 3829 1194 3872 stutue-

99 3902 178 3964 ἀπο,
199 3900 394 3966 ‘inauspicato'
412 3917 468 3966 pro,
479 3903 627 3966 infeliciter,
669 3901 772 3963 bsnmr,
789 3901 833 3965 qui
855 3897 1019 3964 sycophanta
1042 3898 1105 3948 dicti
1126 3906 1195 3960 snut,

100 3983 247 4040 usurpetur.
666 3975 713 4026 iri
722 3977 765 4025 τοῦ
773 3977 834 4025 ries
842 3975 973 4038 φαίνεσθαι,
984 3974 1009 4023 irl
1020 3981 1069 4035 est,
1080 3973 1142 4024 ficus
1150 3975 1195 4025 de·

131 4059 161 4104 16
180 4053 260 4108 Qum
276 4053 335 4103 milri
345 4054 376 4102 rit
383 4053 457 4114 facile
474 4059 544 4116 utque
554 4053 625 4116 utile]
667 4052 751 4102 terre:
775 4053 842 4116 quod
861 4064 984 4101 ecenssre
1005 4051 1119 4100 solerent
1140 4065 1196 4115 eos,

99 4131 218 4180 Donatus
241 4131 439 4195 interpretetur,
460 4129 565 4182 difficile
588 4136 626 4180 et·
667 4129 942 4196 quidcuecurpereut.

99 4205 261 4270 qrrelnutlle.
