2948 4890
249 361 293 428 92
480 375 659 427 nsurnnrs
683 375 828 430 nerusrr
854 377 1113 430 nrssnnrsrro.

249 533 303 596 tet,
316 521 452 602 praemitti
473 522 512 582 rit
525 541 658 582 necesse.
701 522 840 582 Summus
855 521 1004 582 Aristoteli
1018 524 1144 584 ambitus
1160 523 1247 583 unias
1263 523 1339 584 Solis

249 631 313 680 est:
335 628 433 698 potest
455 637 521 678 esso
536 617 648 697 aliquot
660 617 807 677 horarum.
850 619 918 686 Qua
937 617 967 676 in
982 629 1066 696 parte
1080 617 1272 678 admirandus
1288 620 1341 678 So·

248 716 369 796 plroeles
384 714 607 793 Terentiusque.
650 715 774 774 Plautus
792 734 862 774 vero
877 733 982 792 novem
1002 734 1120 776 menses
1135 735 1194 776 uno
1209 713 1341 774 dramate

249 811 417 892 complexus
432 821 487 871 est.
524 811 563 870 Ut
577 811 625 870 rix
638 811 730 890 major
742 811 923 891 ampliorque
937 811 1104 880 Homericae
1116 810 1238 880 iliados,
1252 829 1340 890 quam

248 908 468 989 Amphitryonis
492 908 531 966 sit
551 907 700 987 periodus.
741 906 907 966 Alcumena
931 916 1029 966 autem
1051 907 1179 986 concipit
1204 917 1235 966 et
1257 908 1340 986 parit

249 1005 339 1077 Quod
361 1005 386 1065 si
408 1005 490 1065 lieret
514 1005 632 1082 ubique,
656 1003 739 1063 nollo
762 1003 894 1082 episodio
909 1003 970 1082 jam
993 1023 1068 1084 opus
1093 1013 1192 1063 esset:
1215 1003 1343 1083 ideoque

248 1122 303 1163 nec
316 1122 364 1162 ars
378 1111 466 1174 esset,
481 1101 607 1162 scrihere
621 1097 815 1158 comoediam.
850 1098 1052 1178 Proeterquam
1070 1099 1151 1177 quod
1165 1099 1205 1158 eit
1218 1100 1342 1161 monstri

247 1199 351 1270 instar,
363 1206 471 1258 etcum
485 1195 598 1256 ratione
610 1213 646 1256 ae
657 1203 764 1254 nature
777 1203 898 1272 pugnet,
920 1207 953 1256 ut
968 1215 1036 1273 qnae
1049 1195 1136 1254 simul
1151 1205 1182 1254 et
1194 1197 1343 1276 concipiat

247 1303 278 1354 et
291 1293 396 1372 pariet.
436 1292 542 1362 Qualia
555 1290 700 1352 nonnulla
721 1289 752 1348 in
776 1291 917 1368 scriptore
938 1290 996 1350 hoc
1021 1309 1151 1350 summos
1167 1291 1343 1352 Criticorurn
1468 1273 1469 1354 l

249 1391 352 1449 Caesar
374 1386 505 1468 Scaliger
528 1387 652 1448 notarit.
707 1387 805 1466 Atque
829 1386 895 1446 haec
919 1386 1084 1446 vitaverant
1108 1387 1209 1447 Poetae
1234 1389 1343 1462 Graeci,
1468 1379 1469 1450 l

248 1503 373 1564 quornm
400 1486 508 1564 scripta
539 1484 588 1544 hic
623 1494 777 1562 tantopere
804 1482 992 1544 commendat
1022 1481 1167 1544 Flaccus:
1202 1484 1343 1546 Technici

249 1581 432 1654 Graecorum,
455 1579 603 1660 quomodo
620 1580 742 1641 vitanda
764 1589 867 1640 essent
890 1597 925 1640 ac
948 1579 1093 1652 carenda,
1118 1600 1198 1660 saepe
1212 1580 1344 1642 inculca·
1468 1595 1469 1610 ¹

247 1686 317 1738 runt
330 1677 400 1737 eois.
440 1675 565 1737 Plautus
580 1697 689 1757 sueque
713 1677 811 1757 deque
835 1677 949 1747 babuit,
972 1677 1049 1736 utin
1063 1677 1204 1756 Captivis.
1247 1677 1344 1745 Quam

247 1773 388 1833 incuriam
402 1772 497 1834 Poeta
514 1793 581 1834 eum
595 1773 717 1850 videret,
739 1775 891 1836 continere
911 1795 945 1836 se
959 1793 1019 1834 non
1033 1774 1138 1854 potuit,
1151 1773 1223 1854 quin
1243 1773 1344 1834 excla-

247 1879 360 1932 maret:

687 2003 750 2064 Vos
762 2003 939 2084 exemplaria
954 2005 1062 2064 Graeca

448 2099 601 2160 Nocturna
615 2109 730 2161 versate
744 2119 845 2174 mann,
859 2113 974 2162 versate
987 2097 1112 2159 diurne:

247 2261 351 2313 contm
387 2254 597 2335 negligentiam
632 2275 751 2316 suorum
779 2265 809 2316 et
842 2255 984 2316 incuriam
1019 2251 1190 2333 gravissime
1217 2261 1344 2314 taxaret.

249 2347 359 2419 Quidni
372 2350 461 2424 enirn,
474 2352 525 2430 qni
539 2352 596 2412 hoc
610 2361 671 2412 turn
686 2353 804 2431 agebat,
818 2351 897 2430 quod
913 2361 981 2411 ante
992 2371 1060 2412 cum
1074 2348 1272 2410 Aristoteles?
1293 2349 1343 2428 qui

246 2445 355 2524 ubique
380 2446 549 2527 Euripidem
563 2448 681 2508 etalioe
700 2447 804 2508 inillis
828 2447 1030 2528 reprehendit:
1060 2466 1128 2506 nam
1151 2445 1189 2506 de
1213 2445 1343 2506 Comicis

246 2559 313 2619 qua
327 2543 454 2622 scripsit,
467 2543 555 2604 hodie
570 2563 630 2604 non
645 2555 756 2605 extant.
799 2544 891 2606 Porro
906 2545 991 2606 simul
1014 2563 1050 2604 ac
1073 2544 1167 2604 Poeta
1185 2542 1343 2602 Actionem

244 2635 344 2710 habet,
368 2638 465 2698 iocum
490 2659 607 2719 quoqne
630 2651 664 2700 nt
677 2641 787 2704 actioni
802 2641 864 2714 det,
887 2661 1010 2702 necesse
1026 2650 1088 2711 ¹est,
1109 2639 1180 2718 qnia
1196 2638 1260 2698 sine
1275 2639 1341 2697 loco

246 2731 307 2792 fieri
321 2733 362 2792 nil
376 2743 484 2815 potest.
519 2736 579 2796 Hic
594 2745 692 2796 antem
707 2735 790 2796 locus
805 2741 890 2810 σκηνὴ
904 2735 1042 2817 dpdporor
1052 2755 1070 2794 a
1080 2733 1196 2793 criticis
1210 2743 1342 2802 vocatur,

245 2829 330 2908 cnjus
344 2831 431 2892 linem
446 2831 592 2893 transilire
605 2833 700 2895 nefas.
741 2832 838 2893 Nemo
859 2833 937 2894 enim
950 2843 1080 2911 tempore
1094 2827 1208 2902 eodem,
1229 2829 1309 2908 quod
1325 2849 1342 2889 a

247 2921 354 2986 Plauto
368 2937 447 2986 recte
461 2926 579 3001 dieitur,
598 2927 667 2988 alibi
692 2938 781 3008 atque
806 2927 874 2988 aiibi
888 2928 996 2988 versari
1016 2937 1136 3006 potest:
1159 2929 1215 2988 nisi
1229 2929 1341 3008 aliquid

245 3031 442 3082 monstrosum
466 3024 518 3084 liat
541 3024 572 3082 in
608 3025 770 3086 Comoedia.
825 3025 909 3086 Idem
930 3035 1038 3098 temen,
1063 3045 1131 3085 cum
1156 3025 1341 3086 Curculionis

246 3136 367 3178 scenam
392 3117 532 3196 Epidauri
551 3119 710 3200 posuisset,
737 3120 862 3180 Romam
882 3120 1031 3180 transitio
1052 3122 1166 3196 eadem,
1185 3132 1216 3183 et
1228 3123 1259 3180 in
1280 3122 1342 3182 lto-

245 3231 399 3274 manorum
413 3233 519 3284 mores,
532 3234 632 3276 ucenae
646 3237 708 3276 suae
716 3217 780 3297 jam
795 3218 915 3292 oblitus,
936 3217 1026 3278 libere
1040 3217 1202 3287 invehitur:
1231 3229 1263 3278 et
1276 3218 1342 3297 qui·

246 3308 324 3380 dem,
348 3318 382 3368 ut
395 3308 507 3388 antiqui
522 3312 645 3386 Comici,
660 3314 800 3388 tributim,
820 3315 862 3374 ita
874 3324 908 3373 nt
930 3323 961 3374 et
974 3315 1092 3394 singula
1106 3314 1254 3376 describet
1265 3317 1341 3387 loca,

245 3405 313 3466 Act.
323 3424 369 3465 nv.
402 3406 499 3468 Scene
512 3412 521 3442 ‘
533 3407 681 3488 AEdepol.’
715 3410 783 3470 Jam
796 3414 832 3472 sd
844 3413 938 3487 ἄλογα
956 3411 986 3470 in
998 3411 1118 3474 Fabulis
1129 3431 1218 3492 quam
1228 3409 1341 3472 mutae

244 3493 287 3561 ita
299 3521 383 3575 roco,
399 3522 465 3583 quee
479 3501 550 3562 nibil
564 3503 719 3564 verisimile
732 3505 854 3566 habent.
874 3505 946 3566 Tale
957 3514 1012 3578 est,
1028 3506 1173 3568 Sosiclem
1189 3506 1342 3567 Menaech-

245 3617 336 3672 mum,
357 3601 407 3677 qui
429 3598 542 3660 veniret
562 3617 579 3658 e
603 3599 713 3672 Sicilia,
740 3609 907 3681 surreptum
932 3600 1002 3662 item
1030 3602 1135 3680 quiin
1161 3602 1262 3682 Illyria
1277 3602 1341 3682 jam

246 3695 404 3771 habitaret,
417 3695 530 3770 habitu,
552 3693 656 3758 eodem
671 3708 812 3777 tempore,
832 3698 876 3757 ita
897 3697 984 3758 simili
997 3697 1100 3772 fuisse,
1122 3708 1155 3759 nt
1174 3698 1342 3778 dignoscia

246 3793 461 3872 spectatoribus
482 3811 542 3852 non
566 3802 707 3872 possentr
728 3811 796 3860 cum
810 3793 853 3852 nil
871 3791 965 3856 simile
980 3794 1122 3854 haberent
1143 3794 1209 3854 istra
1223 3803 1339 3874 gentes.

246 3890 335 3959 Quod
348 3891 449 3952 vidum
462 3910 534 3950 nea
555 3889 685 3968 chorago
708 3889 828 3969 quidem
850 3889 999 3950 emendari
1022 3900 1128 3969 potest.
1169 3891 1247 3952 Nam
1262 3890 1341 3950 Mer-

246 3988 343 4046 curius
360 3985 569 4068 Amphitryone
593 3996 624 4046 et
647 3983 762 4064 Jupiter
786 3984 836 4046 Dii
855 3996 941 4046 sunt:
971 3985 1078 4066 quibus
1093 3985 1193 4046 ornnia
1206 3985 1342 4059 concedi,

245 4081 332 4148 etiam
345 4083 404 4156 hic,
419 4082 525 4143 solent.
568 4080 666 4149 Quare
688 4081 835 4142 incurrere
856 4083 887 4144 τὸ
900 4085 1009 4158 ἄλογον
1022 4101 1082 4142 non
1101 4092 1239 4162 possunt.
1282 4081 1341 4141 Ubi

243 4175 322 4240 enim
337 4177 387 4238 Dii
401 4187 504 4258 egunt,
518 4188 617 4240 cessat
638 4179 723 4240 ratio.
766 4177 888 4252 Quidvis
905 4181 983 4242 eninr
1004 4199 1092 4262 posse
1107 4199 1169 4255 eos,
1192 4197 1278 4240 nemo
1293 4187 1341 4239 est
