<?xml version="1.0" encoding="UTF-8"?>
<!DOCTYPE html PUBLIC "-//W3C//DTD XHTML 1.0 Transitional//EN"
    "http://www.w3.org/TR/xhtml1/DTD/xhtml1-transitional.dtd">
<html xmlns="http://www.w3.org/1999/xhtml" xml:lang="en" lang="en">
 <head>
  <title>
</title>
<meta http-equiv="Content-Type" content="text/html;charset=utf-8" />
  <meta name='ocr-system' content='tesseract 3.04.00' />
  <meta name='ocr-capabilities' content='ocr_page ocr_carea ocr_par ocr_line ocrx_word'/>
</head>
<body>
  <div class='ocr_page' id='page_1' title='image "./comoedisex05westgoog_0185.png"; bbox 0 0 2958 4892; ppageno 0'>
   <div class='ocr_carea' id='block_1_1' title="bbox 430 367 1200 432">
    <p class='ocr_par' dir='ltr' id='par_1_1' title="bbox 430 367 1200 432">
     <span class='ocr_line' id='line_1_1' title="bbox 430 367 1200 432; baseline 0.01 -8"><span class='ocrx_word' id='word_1_1' title='bbox 430 378 479 426; x_wconf 83' lang='lat' dir='ltr'>na</span> <span class='ocrx_word' id='word_1_2' title='bbox 502 374 653 424; x_wconf 85' lang='lat' dir='ltr'>costrors</span> <span class='ocrx_word' id='word_1_3' title='bbox 683 375 875 430; x_wconf 72' lang='lat' dir='ltr'>suasinus.</span> <span class='ocrx_word' id='word_1_4' title='bbox 1135 367 1200 432; x_wconf 72' lang='lat'>175</span> 
     </span>
    </p>
   </div>
   <div class='ocr_carea' id='block_1_2' title="bbox 107 517 1200 792">
    <p class='ocr_par' dir='ltr' id='par_1_2' title="bbox 107 517 1200 792">
     <span class='ocr_line' id='line_1_2' title="bbox 107 517 1199 598; baseline 0.004 -14"><span class='ocrx_word' id='word_1_5' title='bbox 107 543 173 584; x_wconf 87' lang='lat' dir='ltr'>num</span> <span class='ocrx_word' id='word_1_6' title='bbox 185 522 314 582; x_wconf 81' lang='lat' dir='ltr'>varietas</span> <span class='ocrx_word' id='word_1_7' title='bbox 328 537 515 580; x_wconf 86' lang='lat' dir='ltr'>numerorum</span> <span class='ocrx_word' id='word_1_8' title='bbox 537 517 743 598; x_wconf 68' lang='lat' dir='ltr'>depositionis,</span> <span class='ocrx_word' id='word_1_9' title='bbox 765 530 798 582; x_wconf 91' lang='lat' dir='ltr'>ut</span> <span class='ocrx_word' id='word_1_10' title='bbox 821 531 947 582; x_wconf 77' lang='lat' dir='ltr'>vocant:</span> <span class='ocrx_word' id='word_1_11' title='bbox 982 541 1018 582; x_wconf 87' lang='lat' dir='ltr'>ea</span> <span class='ocrx_word' id='word_1_12' title='bbox 1038 533 1086 585; x_wconf 87' lang='lat' dir='ltr'>est</span> <span class='ocrx_word' id='word_1_13' title='bbox 1099 545 1199 588; x_wconf 79' lang='lat' dir='ltr'>versus</span> 
     </span>
     <span class='ocr_line' id='line_1_3' title="bbox 108 613 1200 702; baseline 0 -20"><span class='ocrx_word' id='word_1_14' title='bbox 108 619 265 689; x_wconf 82' lang='lat' dir='ltr'>conclusio,</span> <span class='ocrx_word' id='word_1_15' title='bbox 280 616 349 678; x_wconf 85' lang='lat' dir='ltr'>talis</span> <span class='ocrx_word' id='word_1_16' title='bbox 364 613 511 694; x_wconf 73' lang='lat' dir='ltr'>quasdam.</span> <span class='ocrx_word' id='word_1_17' title='bbox 552 616 665 676; x_wconf 87' lang='lat' dir='ltr'>Versus</span> <span class='ocrx_word' id='word_1_18' title='bbox 679 615 786 675; x_wconf 87' lang='lat' dir='ltr'>dicitnr</span> <span class='ocrx_word' id='word_1_19' title='bbox 798 620 1001 693; x_wconf 74' lang='grc' dir='ltr'><strong><em>ἂκατάληεεοε,</em></strong></span> <span class='ocrx_word' id='word_1_20' title='bbox 1015 619 1065 699; x_wconf 90' lang='lat' dir='ltr'>qui</span> <span class='ocrx_word' id='word_1_21' title='bbox 1078 631 1123 682; x_wconf 87' lang='lat' dir='ltr'>est</span> <span class='ocrx_word' id='word_1_22' title='bbox 1137 621 1200 702; x_wconf 83' lang='lat' dir='ltr'>pla·</span> 
     </span>
     <span class='ocr_line' id='line_1_4' title="bbox 108 709 873 792; baseline -0.001 -18"><span class='ocrx_word' id='word_1_23' title='bbox 108 735 160 776; x_wconf 82' lang='lat' dir='ltr'>nus</span> <span class='ocrx_word' id='word_1_24' title='bbox 173 725 205 776; x_wconf 88' lang='lat' dir='ltr'>et</span> <span class='ocrx_word' id='word_1_25' title='bbox 217 714 343 792; x_wconf 79' lang='lat' dir='ltr'>integer,</span> <span class='ocrx_word' id='word_1_26' title='bbox 357 721 388 772; x_wconf 90' lang='lat' dir='ltr'>et</span> <span class='ocrx_word' id='word_1_27' title='bbox 400 709 493 790; x_wconf 85' lang='lat' dir='ltr'>pedes</span> <span class='ocrx_word' id='word_1_28' title='bbox 508 729 578 772; x_wconf 85' lang='lat' dir='ltr'>suos</span> <span class='ocrx_word' id='word_1_29' title='bbox 596 712 686 771; x_wconf 85' lang='lat' dir='ltr'>habet</span> <span class='ocrx_word' id='word_1_30' title='bbox 695 722 797 772; x_wconf 85' lang='lat' dir='ltr'>totos:</span> <span class='ocrx_word' id='word_1_31' title='bbox 820 723 873 774; x_wconf 84' lang='lat' dir='ltr'>ut:</span> 
     </span>
    </p>
   </div>
   <div class='ocr_carea' id='block_1_3' title="bbox 183 847 1038 930">
    <p class='ocr_par' dir='ltr' id='par_1_3' title="bbox 183 847 1038 930">
     <span class='ocr_line' id='line_1_5' title="bbox 183 847 1038 930; baseline 0.001 -20"><span class='ocrx_word' id='word_1_32' title='bbox 183 851 279 912; x_wconf 64' lang='lat' dir='ltr'>Poeta</span> <span class='ocrx_word' id='word_1_33' title='bbox 291 867 361 910; x_wconf 87' lang='lat' dir='ltr'>cunt</span> <span class='ocrx_word' id='word_1_34' title='bbox 376 849 500 928; x_wconf 89' lang='lat' dir='ltr'>primurn</span> <span class='ocrx_word' id='word_1_35' title='bbox 515 848 643 908; x_wconf 86' lang='lat' dir='ltr'>animum</span> <span class='ocrx_word' id='word_1_36' title='bbox 657 847 697 907; x_wconf 82' lang='lat' dir='ltr'>ud</span> <span class='ocrx_word' id='word_1_37' title='bbox 713 847 900 910; x_wconf 86' lang='lat' dir='ltr'>scribendum</span> <span class='ocrx_word' id='word_1_38' title='bbox 914 850 1038 930; x_wconf 77' lang='lat' dir='ltr'>appulit.</span> 
     </span>
    </p>
   </div>
   <div class='ocr_carea' id='block_1_4' title="bbox 110 975 1201 1151">
    <p class='ocr_par' dir='ltr' id='par_1_4' title="bbox 110 975 1201 1151">
     <span class='ocr_line' id='line_1_6' title="bbox 111 975 1201 1056; baseline 0.002 -18"><span class='ocrx_word' id='word_1_39' title='bbox 111 981 216 1040; x_wconf 85' lang='lat' dir='ltr'>Versus</span> <span class='ocrx_word' id='word_1_40' title='bbox 230 989 277 1038; x_wconf 87' lang='lat' dir='ltr'>est</span> <span class='ocrx_word' id='word_1_41' title='bbox 289 979 432 1038; x_wconf 80' lang='lat' dir='ltr'>iambicus</span> <span class='ocrx_word' id='word_1_42' title='bbox 446 977 586 1048; x_wconf 81' lang='lat' dir='ltr'>trimeter,</span> <span class='ocrx_word' id='word_1_43' title='bbox 601 977 652 1056; x_wconf 93' lang='lat' dir='ltr'>qui</span> <span class='ocrx_word' id='word_1_44' title='bbox 665 985 696 1037; x_wconf 84' lang='lat' dir='ltr'>et</span> <span class='ocrx_word' id='word_1_45' title='bbox 706 975 838 1036; x_wconf 85' lang='lat' dir='ltr'>senarius</span> <span class='ocrx_word' id='word_1_46' title='bbox 851 979 1049 1051; x_wconf 70' lang='grc' dir='ltr'>ἀκατάληπτον.</span> <span class='ocrx_word' id='word_1_47' title='bbox 1091 977 1140 1039; x_wconf 87' lang='lat' dir='ltr'>Sic</span> <span class='ocrx_word' id='word_1_48' title='bbox 1155 991 1201 1040; x_wconf 83' lang='lat' dir='ltr'>est</span> 
     </span>
     <span class='ocr_line' id='line_1_7' title="bbox 110 1070 873 1151; baseline -0.005 -15"><span class='ocrx_word' id='word_1_49' title='bbox 110 1077 294 1146; x_wconf 68' lang='lat' dir='ltr'>&amp;cordiumve</span> <span class='ocrx_word' id='word_1_50' title='bbox 306 1072 496 1131; x_wconf 78' lang='lat' dir='ltr'>Theocriteus</span> <span class='ocrx_word' id='word_1_51' title='bbox 507 1070 555 1131; x_wconf 86' lang='lat' dir='ltr'>hie</span> <span class='ocrx_word' id='word_1_52' title='bbox 568 1071 679 1151; x_wconf 85' lang='lat' dir='ltr'>primus</span> <span class='ocrx_word' id='word_1_53' title='bbox 694 1071 723 1129; x_wconf 85' lang='lat' dir='ltr'>in</span> <span class='ocrx_word' id='word_1_54' title='bbox 739 1071 873 1132; x_wconf 85' lang='lat' dir='ltr'>Fistula:</span> 
     </span>
    </p>
   </div>
   <div class='ocr_carea' id='block_1_5' title="bbox 184 1198 894 1280">
    <p class='ocr_par' dir='ltr' id='par_1_5' title="bbox 184 1198 894 1280">
     <span class='ocr_line' id='line_1_8' title="bbox 184 1198 894 1280; baseline 0 -20"><span class='ocrx_word' id='word_1_55' title='bbox 184 1201 310 1263; x_wconf 67' lang='grc' dir='ltr'><strong><em>Οὐδενὸς</em></strong></span> <span class='ocrx_word' id='word_1_56' title='bbox 324 1206 481 1278; x_wconf 76' lang='grc' dir='ltr'>εὐνάτειρα,</span> <span class='ocrx_word' id='word_1_57' title='bbox 493 1203 734 1278; x_wconf 74' lang='grc' dir='ltr'><strong><em>μοκροπτολέμοεο</em></strong></span> <span class='ocrx_word' id='word_1_58' title='bbox 748 1198 781 1260; x_wconf 77' lang='grc' dir='ltr'>δὲ</span> <span class='ocrx_word' id='word_1_59' title='bbox 793 1204 894 1280; x_wconf 80' lang='grc' dir='ltr'><strong><em>μοπήρ.</em></strong></span> 
     </span>
    </p>
   </div>
   <div class='ocr_carea' id='block_1_6' title="bbox 114 1341 805 1536">
    <p class='ocr_par' dir='ltr' id='par_1_6' title="bbox 114 1341 805 1536">
     <span class='ocr_line' id='line_1_9' title="bbox 114 1341 409 1421; baseline -0.01 -21"><span class='ocrx_word' id='word_1_60' title='bbox 114 1341 148 1400; x_wconf 79' lang='lat' dir='ltr'>Et</span> <span class='ocrx_word' id='word_1_61' title='bbox 159 1349 264 1421; x_wconf 79' lang='lat' dir='ltr'>postea</span> <span class='ocrx_word' id='word_1_62' title='bbox 277 1341 409 1402; x_wconf 72' lang='grc' dir='ltr'><strong><em>εκθὲωνε</em></strong></span> 
     </span>
     <span class='ocr_line' id='line_1_10' title="bbox 185 1457 805 1536; baseline -0.003 -16"><span class='ocrx_word' id='word_1_63' title='bbox 185 1461 286 1532; x_wconf 75' lang='grc' dir='ltr'>Μαίης</span> <span class='ocrx_word' id='word_1_64' title='bbox 298 1459 478 1536; x_wconf 76' lang='grc' dir='ltr'><strong><em>ἅνπιπθπροιο</em></strong></span> <span class='ocrx_word' id='word_1_65' title='bbox 490 1457 556 1517; x_wconf 82' lang='grc' dir='ltr'><strong><em>θοὸν</em></strong></span> <span class='ocrx_word' id='word_1_66' title='bbox 575 1463 649 1518; x_wconf 71' lang='grc' dir='ltr'><strong><em>τέκεν</em></strong></span> <span class='ocrx_word' id='word_1_67' title='bbox 665 1460 805 1535; x_wconf 77' lang='grc' dir='ltr'><strong><em>ἶθνντῆρο.</em></strong></span> 
     </span>
    </p>
   </div>
   <div class='ocr_carea' id='block_1_7' title="bbox 115 1586 989 2060">
    <p class='ocr_par' dir='ltr' id='par_1_7' title="bbox 115 1586 912 1797">
     <span class='ocr_line' id='line_1_11' title="bbox 115 1586 678 1660; baseline -0.004 -12"><span class='ocrx_word' id='word_1_68' title='bbox 115 1589 149 1648; x_wconf 85' lang='lat' dir='ltr'>Et</span> <span class='ocrx_word' id='word_1_69' title='bbox 161 1609 231 1650; x_wconf 82' lang='lat' dir='ltr'>mox</span> <span class='ocrx_word' id='word_1_70' title='bbox 244 1587 442 1659; x_wconf 59' lang='lat' dir='ltr'>saratas-nris</span> <span class='ocrx_word' id='word_1_71' title='bbox 456 1589 496 1647; x_wconf 82' lang='lat' dir='ltr'>sis</span> <span class='ocrx_word' id='word_1_72' title='bbox 510 1586 660 1660; x_wconf 72' lang='grc' dir='ltr'>συλλαβήν</span> <span class='ocrx_word' id='word_1_73' title='bbox 671 1606 678 1646; x_wconf 94' lang='lat'><strong>:</strong></span> 
     </span>
     <span class='ocr_line' id='line_1_12' title="bbox 187 1715 912 1797; baseline -0.003 -21"><span class='ocrx_word' id='word_1_74' title='bbox 187 1717 265 1797; x_wconf 70' lang='grc' dir='ltr'>Οὐχὶ</span> <span class='ocrx_word' id='word_1_75' title='bbox 279 1717 440 1792; x_wconf 76' lang='grc' dir='ltr'><strong><em>Κερᾶοπον,</em></strong></span> <span class='ocrx_word' id='word_1_76' title='bbox 454 1715 489 1775; x_wconf 77' lang='grc' dir='ltr'>ὅν</span> <span class='ocrx_word' id='word_1_77' title='bbox 502 1739 570 1776; x_wconf 78' lang='grc' dir='ltr'><strong><em>ποτε</em></strong></span> <span class='ocrx_word' id='word_1_78' title='bbox 584 1715 706 1792; x_wconf 71' lang='grc' dir='ltr'><strong><em>θρέψατο</em></strong></span> <span class='ocrx_word' id='word_1_79' title='bbox 722 1717 912 1795; x_wconf 79' lang='lat' dir='ltr'>rurposu&#39;rup.</span> 
     </span>
    </p>

    <p class='ocr_par' dir='ltr' id='par_1_8' title="bbox 115 1847 989 2060">
     <span class='ocr_line' id='line_1_13' title="bbox 115 1847 989 1932; baseline -0.001 -20"><span class='ocrx_word' id='word_1_80' title='bbox 115 1853 150 1913; x_wconf 80' lang='lat' dir='ltr'>lit</span> <span class='ocrx_word' id='word_1_81' title='bbox 161 1857 349 1932; x_wconf 75' lang='grc' dir='ltr'><strong><em>πεντάμετρον</em></strong></span> <span class='ocrx_word' id='word_1_82' title='bbox 360 1847 479 1923; x_wconf 83' lang='lat' dir='ltr'>deinde,</span> <span class='ocrx_word' id='word_1_83' title='bbox 493 1851 541 1911; x_wconf 83' lang='lat' dir='ltr'>vel</span> <span class='ocrx_word' id='word_1_84' title='bbox 559 1851 755 1924; x_wconf 75' lang='grc' dir='ltr'><strong><em>κοπαληκπεκόε</em></strong></span> <span class='ocrx_word' id='word_1_85' title='bbox 769 1856 808 1913; x_wconf 78' lang='lat' dir='ltr'>sis</span> <span class='ocrx_word' id='word_1_86' title='bbox 823 1849 969 1928; x_wconf 72' lang='grc' dir='ltr'>συλλαβάς</span> <span class='ocrx_word' id='word_1_87' title='bbox 981 1872 989 1911; x_wconf 77' lang='lat' dir='ltr'><strong><em>z</em></strong></span> 
     </span>
     <span class='ocr_line' id='line_1_14' title="bbox 189 1978 819 2060; baseline -0.002 -19"><span class='ocrx_word' id='word_1_88' title='bbox 189 1980 301 2060; x_wconf 77' lang='lat' dir='ltr'>Oriroys&#39;</span> <span class='ocrx_word' id='word_1_89' title='bbox 315 1979 384 2040; x_wconf 74' lang='grc' dir='ltr'>ὅλον</span> <span class='ocrx_word' id='word_1_90' title='bbox 397 1978 486 2044; x_wconf 59' lang='lat' dir='ltr'>llius</span> <span class='ocrx_word' id='word_1_91' title='bbox 499 1979 515 2038; x_wconf 84' lang='grc' dir='ltr'><strong>ὃ</strong></span> <span class='ocrx_word' id='word_1_92' title='bbox 529 1987 577 2040; x_wconf 70' lang='grc' dir='ltr'>πᾶν</span> <span class='ocrx_word' id='word_1_93' title='bbox 589 1985 709 2059; x_wconf 75' lang='grc' dir='ltr'><strong><em>μέροποε</em></strong></span> <span class='ocrx_word' id='word_1_94' title='bbox 722 1983 819 2042; x_wconf 89' lang='grc' dir='ltr'><strong><em>πόθον.</em></strong></span> 
     </span>
    </p>
   </div>
   <div class='ocr_carea' id='block_1_8' title="bbox 113 2122 1211 2986">
    <p class='ocr_par' dir='ltr' id='par_1_9' title="bbox 113 2122 1211 2986">
     <span class='ocr_line' id='line_1_15' title="bbox 115 2122 1208 2210; baseline 0.004 -24"><span class='ocrx_word' id='word_1_95' title='bbox 115 2127 210 2206; x_wconf 78' lang='lat' dir='ltr'>Atque</span> <span class='ocrx_word' id='word_1_96' title='bbox 223 2123 267 2184; x_wconf 86' lang='lat' dir='ltr'>ila</span> <span class='ocrx_word' id='word_1_97' title='bbox 283 2143 379 2205; x_wconf 81' lang='lat' dir='ltr'>usque</span> <span class='ocrx_word' id='word_1_98' title='bbox 401 2123 441 2184; x_wconf 78' lang='lat' dir='ltr'>ad</span> <span class='ocrx_word' id='word_1_99' title='bbox 466 2122 582 2203; x_wconf 73' lang='grc' dir='ltr'><strong><em>θίμεπρο</em></strong></span> <span class='ocrx_word' id='word_1_100' title='bbox 606 2129 791 2196; x_wconf 72' lang='grc' dir='ltr'>καταληπτικθ</span> <span class='ocrx_word' id='word_1_101' title='bbox 817 2129 855 2184; x_wconf 85' lang='lat' dir='ltr'>sis</span> <span class='ocrx_word' id='word_1_102' title='bbox 881 2126 1042 2200; x_wconf 68' lang='grc' dir='ltr'><strong><em>συλλαβὴν,</em></strong></span> <span class='ocrx_word' id='word_1_103' title='bbox 1067 2133 1208 2210; x_wconf 72' lang='grc' dir='ltr'>κολλιόπᾳ</span> 
     </span>
     <span class='ocr_line' id='line_1_16' title="bbox 115 2219 1209 2300; baseline 0.005 -20"><span class='ocrx_word' id='word_1_104' title='bbox 115 2231 144 2280; x_wconf 90' lang='lat' dir='ltr'>et</span> <span class='ocrx_word' id='word_1_105' title='bbox 156 2220 309 2300; x_wconf 69' lang='grc' dir='ltr'>νηλεθσψ.</span> <span class='ocrx_word' id='word_1_106' title='bbox 363 2219 441 2278; x_wconf 89' lang='lat' dir='ltr'>Nam</span> <span class='ocrx_word' id='word_1_107' title='bbox 463 2219 492 2278; x_wconf 88' lang='lat' dir='ltr'>iu</span> <span class='ocrx_word' id='word_1_108' title='bbox 516 2219 573 2278; x_wconf 88' lang='lat' dir='ltr'>hoc</span> <span class='ocrx_word' id='word_1_109' title='bbox 597 2237 707 2297; x_wconf 78' lang='lat' dir='ltr'>genere</span> <span class='ocrx_word' id='word_1_110' title='bbox 730 2223 897 2299; x_wconf 75' lang='grc' dir='ltr'><strong><em>μονόμετροε</em></strong></span> <span class='ocrx_word' id='word_1_111' title='bbox 920 2225 1107 2295; x_wconf 65' lang='lat' dir='ltr'>{exordior-ros</span> <span class='ocrx_word' id='word_1_112' title='bbox 1126 2227 1209 2286; x_wconf 85' lang='lat' dir='ltr'>fieret</span> 
     </span>
     <span class='ocr_line' id='line_1_17' title="bbox 115 2315 1209 2398; baseline 0.004 -24"><span class='ocrx_word' id='word_1_113' title='bbox 115 2335 189 2376; x_wconf 89' lang='lat' dir='ltr'>nnus</span> <span class='ocrx_word' id='word_1_114' title='bbox 202 2335 268 2394; x_wconf 88' lang='lat' dir='ltr'>pes.</span> <span class='ocrx_word' id='word_1_115' title='bbox 310 2315 448 2376; x_wconf 86' lang='lat' dir='ltr'>Metimur</span> <span class='ocrx_word' id='word_1_116' title='bbox 462 2315 540 2376; x_wconf 90' lang='lat' dir='ltr'>enirn</span> <span class='ocrx_word' id='word_1_117' title='bbox 554 2315 653 2376; x_wconf 89' lang='lat' dir='ltr'>omnia</span> <span class='ocrx_word' id='word_1_118' title='bbox 666 2333 777 2394; x_wconf 78' lang='lat' dir='ltr'>genera</span> <span class='ocrx_word' id='word_1_119' title='bbox 790 2316 952 2376; x_wconf 76' lang='lat' dir='ltr'>carminum</span> <span class='ocrx_word' id='word_1_120' title='bbox 971 2317 1096 2397; x_wconf 90' lang='lat' dir='ltr'>pedibus</span> <span class='ocrx_word' id='word_1_121' title='bbox 1112 2319 1209 2398; x_wconf 90' lang='lat' dir='ltr'>dupli·</span> 
     </span>
     <span class='ocr_line' id='line_1_18' title="bbox 115 2408 1209 2490; baseline 0.003 -20"><span class='ocrx_word' id='word_1_122' title='bbox 115 2411 199 2484; x_wconf 84' lang='lat' dir='ltr'>catis,</span> <span class='ocrx_word' id='word_1_123' title='bbox 221 2417 328 2490; x_wconf 78' lang='lat' dir='ltr'>praeter</span> <span class='ocrx_word' id='word_1_124' title='bbox 343 2408 531 2490; x_wconf 84' lang='lat' dir='ltr'>dactylicum.</span> <span class='ocrx_word' id='word_1_125' title='bbox 574 2409 669 2489; x_wconf 86' lang='lat' dir='ltr'>ldque</span> <span class='ocrx_word' id='word_1_126' title='bbox 683 2420 714 2470; x_wconf 90' lang='lat' dir='ltr'>et</span> <span class='ocrx_word' id='word_1_127' title='bbox 727 2411 853 2472; x_wconf 87' lang='lat' dir='ltr'>Rufinus</span> <span class='ocrx_word' id='word_1_128' title='bbox 876 2413 1046 2473; x_wconf 86' lang='lat' dir='ltr'>testimonio</span> <span class='ocrx_word' id='word_1_129' title='bbox 1065 2413 1209 2475; x_wconf 86' lang='lat' dir='ltr'>Herodoti</span> 
     </span>
     <span class='ocr_line' id='line_1_19' title="bbox 115 2505 1211 2587; baseline 0.006 -23"><span class='ocrx_word' id='word_1_130' title='bbox 115 2507 326 2586; x_wconf 84' lang='lat' dir='ltr'>comprobarit,</span> <span class='ocrx_word' id='word_1_131' title='bbox 346 2506 470 2566; x_wconf 87' lang='lat' dir='ltr'>Veteres</span> <span class='ocrx_word' id='word_1_132' title='bbox 483 2505 654 2565; x_wconf 76' lang='lat' dir='ltr'>factitasse:</span> <span class='ocrx_word' id='word_1_133' title='bbox 685 2525 754 2566; x_wconf 87' lang='lat' dir='ltr'>nem</span> <span class='ocrx_word' id='word_1_134' title='bbox 780 2505 927 2587; x_wconf 88' lang='lat' dir='ltr'>dactylica</span> <span class='ocrx_word' id='word_1_135' title='bbox 950 2510 1071 2570; x_wconf 88' lang='lat' dir='ltr'>oracula</span> <span class='ocrx_word' id='word_1_136' title='bbox 1094 2511 1211 2571; x_wconf 87' lang='lat' dir='ltr'>reddita</span> 
     </span>
     <span class='ocr_line' id='line_1_20' title="bbox 114 2599 1210 2682; baseline 0.005 -23"><span class='ocrx_word' id='word_1_137' title='bbox 114 2601 207 2662; x_wconf 82' lang='lat' dir='ltr'>fuisse</span> <span class='ocrx_word' id='word_1_138' title='bbox 221 2601 264 2661; x_wconf 85' lang='lat' dir='ltr'>ait</span> <span class='ocrx_word' id='word_1_139' title='bbox 277 2604 348 2682; x_wconf 71' lang='lat' dir='ltr'>stirp</span> <span class='ocrx_word' id='word_1_140' title='bbox 362 2604 509 2682; x_wconf 58' lang='grc' dir='ltr'><strong><em>ἑξαμέτρῳ.</em></strong></span> <span class='ocrx_word' id='word_1_141' title='bbox 552 2599 648 2680; x_wconf 86' lang='lat' dir='ltr'>Gygis</span> <span class='ocrx_word' id='word_1_142' title='bbox 663 2611 762 2661; x_wconf 82' lang='lat' dir='ltr'>autem</span> <span class='ocrx_word' id='word_1_143' title='bbox 777 2602 915 2664; x_wconf 77' lang='lat' dir='ltr'>facinoris</span> <span class='ocrx_word' id='word_1_144' title='bbox 928 2606 1094 2666; x_wconf 78' lang='lat' dir='ltr'>meminisse</span> <span class='ocrx_word' id='word_1_145' title='bbox 1106 2607 1210 2665; x_wconf 79' lang='lat' dir='ltr'>Archi·</span> 
     </span>
     <span class='ocr_line' id='line_1_21' title="bbox 115 2695 1211 2779; baseline 0.005 -25"><span class='ocrx_word' id='word_1_146' title='bbox 115 2695 213 2757; x_wconf 86' lang='lat' dir='ltr'>locum</span> <span class='ocrx_word' id='word_1_147' title='bbox 233 2698 265 2756; x_wconf 91' lang='lat' dir='ltr'>in</span> <span class='ocrx_word' id='word_1_148' title='bbox 286 2696 412 2757; x_wconf 86' lang='lat' dir='ltr'>iambico</span> <span class='ocrx_word' id='word_1_149' title='bbox 432 2716 518 2757; x_wconf 84' lang='lat' dir='ltr'>versu</span> <span class='ocrx_word' id='word_1_150' title='bbox 539 2703 682 2779; x_wconf 63' lang='grc' dir='ltr'><strong><em>τριμέτρῳ,</em></strong></span> <span class='ocrx_word' id='word_1_151' title='bbox 703 2697 753 2778; x_wconf 92' lang='lat' dir='ltr'>qui</span> <span class='ocrx_word' id='word_1_152' title='bbox 774 2697 942 2778; x_wconf 88' lang='lat' dir='ltr'>hujusmodi</span> <span class='ocrx_word' id='word_1_153' title='bbox 963 2699 1083 2778; x_wconf 85' lang='lat' dir='ltr'>quidam</span> <span class='ocrx_word' id='word_1_154' title='bbox 1105 2701 1145 2760; x_wconf 91' lang='lat' dir='ltr'>ibi</span> <span class='ocrx_word' id='word_1_155' title='bbox 1163 2720 1211 2760; x_wconf 89' lang='lat' dir='ltr'>as·</span> 
     </span>
     <span class='ocr_line' id='line_1_22' title="bbox 113 2792 256 2852; baseline 0.014 -2"><span class='ocrx_word' id='word_1_156' title='bbox 113 2792 256 2852; x_wconf 85' lang='lat' dir='ltr'>cribitur:</span> 
     </span>
     <span class='ocr_line' id='line_1_23' title="bbox 237 2903 865 2986; baseline 0.002 -21"><span class='ocrx_word' id='word_1_157' title='bbox 237 2903 283 2965; x_wconf 73' lang='grc' dir='ltr'>Οὔ</span> <span class='ocrx_word' id='word_1_158' title='bbox 296 2911 344 2984; x_wconf 78' lang='grc' dir='ltr'><strong><em>μοι’</em></strong></span> <span class='ocrx_word' id='word_1_159' title='bbox 359 2929 394 2980; x_wconf 81' lang='grc' dir='ltr'>γε</span> <span class='ocrx_word' id='word_1_160' title='bbox 406 2905 505 2982; x_wconf 70' lang='grc' dir='ltr'><strong><em>Γθγεω</em></strong></span> <span class='ocrx_word' id='word_1_161' title='bbox 519 2917 567 2967; x_wconf 75' lang='grc' dir='ltr'>τοῦ</span> <span class='ocrx_word' id='word_1_162' title='bbox 581 2910 760 2986; x_wconf 59' lang='grc' dir='ltr'><strong><em>πολιχούσον</em></strong></span> <span class='ocrx_word' id='word_1_163' title='bbox 773 2909 865 2986; x_wconf 73' lang='grc' dir='ltr'><strong><em>μέλει.</em></strong></span> 
     </span>
    </p>
   </div>
   <div class='ocr_carea' id='block_1_9' title="bbox 115 3041 1212 3220">
    <p class='ocr_par' dir='ltr' id='par_1_10' title="bbox 115 3041 1212 3220">
     <span class='ocr_line' id='line_1_24' title="bbox 117 3041 1212 3126; baseline 0.005 -26"><span class='ocrx_word' id='word_1_164' title='bbox 117 3041 171 3102; x_wconf 86' lang='lat' dir='ltr'>Est</span> <span class='ocrx_word' id='word_1_165' title='bbox 185 3051 299 3124; x_wconf 81' lang='lat' dir='ltr'>ergoet</span> <span class='ocrx_word' id='word_1_166' title='bbox 312 3041 461 3122; x_wconf 83' lang='lat' dir='ltr'>elegiacus</span> <span class='ocrx_word' id='word_1_167' title='bbox 476 3042 653 3122; x_wconf 78' lang='lat' dir='ltr'>dactylicus,</span> <span class='ocrx_word' id='word_1_168' title='bbox 667 3061 766 3121; x_wconf 86' lang='lat' dir='ltr'>quem,</span> <span class='ocrx_word' id='word_1_169' title='bbox 778 3051 812 3104; x_wconf 89' lang='lat' dir='ltr'>ut</span> <span class='ocrx_word' id='word_1_170' title='bbox 825 3041 945 3116; x_wconf 86' lang='lat' dir='ltr'>scimus,</span> <span class='ocrx_word' id='word_1_171' title='bbox 954 3043 1046 3104; x_wconf 91' lang='lat' dir='ltr'>tribus</span> <span class='ocrx_word' id='word_1_172' title='bbox 1060 3043 1212 3126; x_wconf 77' lang='lat' dir='ltr'>dactylicis</span> 
     </span>
     <span class='ocr_line' id='line_1_25' title="bbox 115 3137 768 3220; baseline 0 -22"><span class='ocrx_word' id='word_1_173' title='bbox 115 3137 244 3216; x_wconf 83' lang='lat' dir='ltr'>pedibus</span> <span class='ocrx_word' id='word_1_174' title='bbox 259 3137 354 3197; x_wconf 88' lang='lat' dir='ltr'>additi</span> <span class='ocrx_word' id='word_1_175' title='bbox 365 3139 509 3220; x_wconf 77' lang='lat' dir='ltr'>anapoesti</span> <span class='ocrx_word' id='word_1_176' title='bbox 524 3137 584 3198; x_wconf 90' lang='lat' dir='ltr'>dno</span> <span class='ocrx_word' id='word_1_177' title='bbox 599 3139 768 3214; x_wconf 82' lang='lat' dir='ltr'>absolvunt,</span> 
     </span>
    </p>
   </div>
   <div class='ocr_carea' id='block_1_10' title="bbox 233 3264 924 3442">
    <p class='ocr_par' dir='ltr' id='par_1_11' title="bbox 233 3264 924 3442">
     <span class='ocr_line' id='line_1_26' title="bbox 233 3264 924 3344; baseline 0.006 -20"><span class='ocrx_word' id='word_1_178' title='bbox 233 3265 319 3326; x_wconf 71' lang='lat' dir='ltr'>&#39;Orfc</span> <span class='ocrx_word' id='word_1_179' title='bbox 332 3264 364 3324; x_wconf 73' lang='grc' dir='ltr'>δὲ</span> <span class='ocrx_word' id='word_1_180' title='bbox 376 3273 460 3344; x_wconf 80' lang='grc' dir='ltr'><strong><em>μοῖρα</em></strong></span> <span class='ocrx_word' id='word_1_181' title='bbox 473 3271 587 3339; x_wconf 83' lang='grc' dir='ltr'><strong><em>παθεῖν,</em></strong></span> <span class='ocrx_word' id='word_1_182' title='bbox 599 3265 631 3326; x_wconf 81' lang='lat' dir='ltr'>oil</span> <span class='ocrx_word' id='word_1_183' title='bbox 644 3293 671 3328; x_wconf 87' lang='lat' dir='ltr'>rt</span> <span class='ocrx_word' id='word_1_184' title='bbox 685 3265 798 3328; x_wconf 64' lang='lat' dir='ltr'>itiones</span> <span class='ocrx_word' id='word_1_185' title='bbox 812 3271 924 3328; x_wconf 79' lang='grc' dir='ltr'><strong><em>ποθεῖν.</em></strong></span> 
     </span>
     <span class='ocr_line' id='line_1_27' title="bbox 241 3361 833 3442; baseline 0.007 -22"><span class='ocrx_word' id='word_1_186' title='bbox 241 3361 290 3421; x_wconf 87' lang='lat' dir='ltr'>Lis</span> <span class='ocrx_word' id='word_1_187' title='bbox 304 3371 351 3421; x_wconf 86' lang='lat' dir='ltr'>est</span> <span class='ocrx_word' id='word_1_188' title='bbox 363 3381 430 3420; x_wconf 87' lang='lat' dir='ltr'>cum</span> <span class='ocrx_word' id='word_1_189' title='bbox 444 3361 537 3422; x_wconf 80' lang='lat' dir='ltr'>forma</span> <span class='ocrx_word' id='word_1_190' title='bbox 550 3381 660 3442; x_wconf 82' lang='lat' dir='ltr'>magna</span> <span class='ocrx_word' id='word_1_191' title='bbox 672 3361 833 3441; x_wconf 79' lang='lat' dir='ltr'>pudicitiae.</span> 
     </span>
    </p>
   </div>
   <div class='ocr_carea' id='block_1_11' title="bbox 113 3473 1217 3851">
    <p class='ocr_par' dir='ltr' id='par_1_12' title="bbox 113 3473 1217 3851">
     <span class='ocr_line' id='line_1_28' title="bbox 113 3473 1216 3566; baseline 0.005 -24"><span class='ocrx_word' id='word_1_192' title='bbox 113 3473 161 3542; x_wconf 88' lang='lat' dir='ltr'>lta</span> <span class='ocrx_word' id='word_1_193' title='bbox 183 3482 427 3564; x_wconf 85' lang='lat' dir='ltr'>penthemimeris</span> <span class='ocrx_word' id='word_1_194' title='bbox 448 3493 574 3562; x_wconf 86' lang='lat' dir='ltr'>utraque</span> <span class='ocrx_word' id='word_1_195' title='bbox 600 3480 769 3564; x_wconf 87' lang='lat' dir='ltr'>conjuncta,</span> <span class='ocrx_word' id='word_1_196' title='bbox 794 3494 824 3544; x_wconf 86' lang='lat' dir='ltr'>et</span> <span class='ocrx_word' id='word_1_197' title='bbox 848 3486 915 3566; x_wconf 87' lang='lat' dir='ltr'>ipsa</span> <span class='ocrx_word' id='word_1_198' title='bbox 936 3485 1007 3546; x_wconf 82' lang='lat' dir='ltr'>lacit</span> <span class='ocrx_word' id='word_1_199' title='bbox 1026 3487 1216 3566; x_wconf 84' lang='lat' dir='ltr'>spondaeum,</span> 
     </span>
     <span class='ocr_line' id='line_1_29' title="bbox 113 3577 1217 3662; baseline 0.006 -25"><span class='ocrx_word' id='word_1_200' title='bbox 113 3589 149 3637; x_wconf 91' lang='lat' dir='ltr'>ut</span> <span class='ocrx_word' id='word_1_201' title='bbox 162 3579 208 3638; x_wconf 84' lang='lat' dir='ltr'>sic</span> <span class='ocrx_word' id='word_1_202' title='bbox 223 3577 317 3658; x_wconf 90' lang='lat' dir='ltr'>pedes</span> <span class='ocrx_word' id='word_1_203' title='bbox 331 3577 461 3656; x_wconf 85' lang='lat' dir='ltr'>quinque</span> <span class='ocrx_word' id='word_1_204' title='bbox 485 3577 622 3658; x_wconf 75' lang='lat' dir='ltr'>dactylici</span> <span class='ocrx_word' id='word_1_205' title='bbox 646 3589 866 3640; x_wconf 87' lang='lat' dir='ltr'>construantur.</span> <span class='ocrx_word' id='word_1_206' title='bbox 909 3581 964 3642; x_wconf 86' lang='lat' dir='ltr'>Eat</span> <span class='ocrx_word' id='word_1_207' title='bbox 981 3593 1079 3643; x_wconf 87' lang='lat' dir='ltr'>autem</span> <span class='ocrx_word' id='word_1_208' title='bbox 1094 3583 1217 3662; x_wconf 87' lang='lat' dir='ltr'>penthe-</span> 
     </span>
     <span class='ocr_line' id='line_1_30' title="bbox 113 3674 1217 3760; baseline 0.004 -27"><span class='ocrx_word' id='word_1_209' title='bbox 113 3675 248 3736; x_wconf 86' lang='lat' dir='ltr'>mimeris</span> <span class='ocrx_word' id='word_1_210' title='bbox 262 3675 294 3734; x_wconf 78' lang='lat' dir='ltr'>ri</span> <span class='ocrx_word' id='word_1_211' title='bbox 306 3678 572 3754; x_wconf 68' lang='grc' dir='ltr'><strong><em>μὴπενθημιμερὴι,</em></strong></span> <span class='ocrx_word' id='word_1_212' title='bbox 587 3674 616 3734; x_wconf 94' lang='lat' dir='ltr'>id</span> <span class='ocrx_word' id='word_1_213' title='bbox 631 3685 688 3750; x_wconf 90' lang='lat' dir='ltr'>est,</span> <span class='ocrx_word' id='word_1_214' title='bbox 710 3677 854 3756; x_wconf 85' lang='lat' dir='ltr'>quinaria,</span> <span class='ocrx_word' id='word_1_215' title='bbox 867 3697 935 3738; x_wconf 88' lang='lat' dir='ltr'>cum</span> <span class='ocrx_word' id='word_1_216' title='bbox 950 3679 1065 3760; x_wconf 88' lang='lat' dir='ltr'>syllaba</span> <span class='ocrx_word' id='word_1_217' title='bbox 1078 3680 1108 3738; x_wconf 88' lang='lat' dir='ltr'>in</span> <span class='ocrx_word' id='word_1_218' title='bbox 1128 3679 1217 3738; x_wconf 87' lang='lat' dir='ltr'>verbo</span> 
     </span>
     <span class='ocr_line' id='line_1_31' title="bbox 114 3769 556 3851; baseline 0 -22"><span class='ocrx_word' id='word_1_219' title='bbox 114 3780 259 3851; x_wconf 86' lang='lat' dir='ltr'>superest</span> <span class='ocrx_word' id='word_1_220' title='bbox 271 3781 342 3850; x_wconf 90' lang='lat' dir='ltr'>post</span> <span class='ocrx_word' id='word_1_221' title='bbox 355 3771 446 3850; x_wconf 87' lang='lat' dir='ltr'>pedes</span> <span class='ocrx_word' id='word_1_222' title='bbox 461 3769 556 3830; x_wconf 88' lang='lat' dir='ltr'>duos:</span> 
     </span>
    </p>
   </div>
   <div class='ocr_carea' id='block_1_12' title="bbox 113 3899 1167 4234">
    <p class='ocr_par' dir='ltr' id='par_1_13' title="bbox 113 3899 1167 4234">
     <span class='ocr_line' id='line_1_32' title="bbox 403 3899 754 3978; baseline -0.006 -20"><span class='ocrx_word' id='word_1_223' title='bbox 403 3900 493 3958; x_wconf 83' lang='lat' dir='ltr'>Arma</span> <span class='ocrx_word' id='word_1_224' title='bbox 505 3899 658 3978; x_wconf 79' lang='lat' dir='ltr'>uirumque</span> <span class='ocrx_word' id='word_1_225' title='bbox 670 3915 754 3959; x_wconf 87' lang='lat' dir='ltr'>cano.</span> 
     </span>
     <span class='ocr_line' id='line_1_33' title="bbox 113 4023 1167 4110; baseline -0.004 -22"><span class='ocrx_word' id='word_1_226' title='bbox 113 4024 385 4110; x_wconf 83' lang='lat' dir='ltr'>Heptlremimeris,</span> <span class='ocrx_word' id='word_1_227' title='bbox 400 4026 431 4086; x_wconf 79' lang='lat' dir='ltr'>ri</span> <span class='ocrx_word' id='word_1_228' title='bbox 445 4031 484 4099; x_wconf 75' lang='grc' dir='ltr'>μὴ</span> <span class='ocrx_word' id='word_1_229' title='bbox 498 4031 692 4108; x_wconf 71' lang='grc' dir='ltr'>ἑφθημιμερὴε,</span> <span class='ocrx_word' id='word_1_230' title='bbox 708 4045 775 4088; x_wconf 89' lang='lat' dir='ltr'>cum</span> <span class='ocrx_word' id='word_1_231' title='bbox 789 4025 889 4086; x_wconf 85' lang='lat' dir='ltr'>lithos</span> <span class='ocrx_word' id='word_1_232' title='bbox 903 4033 972 4106; x_wconf 88' lang='lat' dir='ltr'>post</span> <span class='ocrx_word' id='word_1_233' title='bbox 984 4033 1043 4086; x_wconf 86' lang='lat' dir='ltr'>tras</span> <span class='ocrx_word' id='word_1_234' title='bbox 1058 4023 1167 4104; x_wconf 72' lang='lat' dir='ltr'>podest</span> 
     </span>
     <span class='ocr_line' id='line_1_34' title="bbox 326 4154 842 4234; baseline 0.004 -20"><span class='ocrx_word' id='word_1_235' title='bbox 326 4154 486 4217; x_wconf 82' lang='lat' dir='ltr'>Mnesthea</span> <span class='ocrx_word' id='word_1_236' title='bbox 500 4156 730 4234; x_wconf 81' lang='lat' dir='ltr'>Sergestumque</span> <span class='ocrx_word' id='word_1_237' title='bbox 744 4165 842 4216; x_wconf 80' lang='lat' dir='ltr'>vocat.</span> 
     </span>
    </p>
   </div>
   <div class='ocr_carea' id='block_1_13' title="bbox 0 0 1484 4892">
    <p class='ocr_par' dir='ltr' id='par_1_14' title="bbox 0 0 1484 4892">
     <span class='ocr_line' id='line_1_35' title="bbox 0 0 1484 4892; baseline 0 0"><span class='ocrx_word' id='word_1_238' title='bbox 0 0 1484 4892; x_wconf 95' lang='lat' dir='ltr'> </span> 
     </span>
    </p>
   </div>
  </div>
 </body>
</html>
