2970 4900
260 395 326 462 262
486 413 622 461 naonis
648 411 824 460 naasson
850 413 897 460 nn
920 411 1120 462 usurario.

580 648 646 713 DE
667 645 793 712 AEulo
816 647 1027 714 DONATO.

473 837 665 926 Hieronym.
679 838 714 902 in
729 835 895 902 Chronico
910 839 1046 924 Olymp.
1059 837 1133 904 284.

304 971 498 1038 Victorinus
521 971 630 1036 rhetor
655 975 688 1035 et
712 969 862 1034 Donatus
889 972 1130 1052 grammaticus,
1156 977 1342 1054 praeceptor

260 1091 367 1148 meus,
384 1071 503 1136 Romao
517 1070 661 1152 insignes
673 1069 853 1134 habentur:
874 1089 893 1134 e
907 1070 1028 1153 quibus
1037 1069 1233 1135 Victorinus
1246 1071 1341 1134 etiam

261 1179 406 1238 statuam
420 1173 454 1236 iu
469 1171 539 1236 soro
552 1170 698 1255 Trojano
711 1169 839 1235 meruit.

515 1329 608 1394 Idem
624 1327 765 1412 apolog.
779 1327 905 1394 advers.
921 1329 1087 1394 Rotinum.

302 1456 391 1520 Puto
406 1455 496 1539 quod
511 1474 593 1539 puer
607 1455 728 1537 legeris
742 1453 847 1536 Aspri
862 1454 895 1516 iu
908 1447 1084 1536 Virgilium
1101 1459 1135 1517 et
1147 1453 1341 1517 Sallustium

260 1554 536 1622 Commentarios:
559 1555 711 1620 Vulcatii
722 1555 755 1618 iu
771 1553 948 1618 Orationes
963 1554 1153 1623 Ciceronis:
1175 1552 1344 1618 Victorini

258 1657 294 1720 iu
310 1656 470 1740 Dialogus
485 1656 568 1740 ejus,
582 1661 615 1720 et
633 1657 667 1720 iu
679 1656 821 1720 Terentii
837 1654 1029 1720 Comoedias
1048 1655 1265 1738 praeceptoris
1280 1656 1344 1718 mei

260 1755 397 1834 Donati,
412 1777 507 1840 aeqne
521 1758 556 1820 in
569 1755 754 1838 Virgilium,
784 1761 816 1820 et
835 1755 976 1820 aliorum
993 1755 1027 1818 iu
1048 1755 1151 1832 elios3
1174 1753 1344 1830 Plautum,

260 1855 466 1932 Lucretium,
493 1855 662 1932 Flaccum,
688 1854 852 1932 Persium,
876 1861 976 1938 atque
1004 1853 1188 1919 Lucanum.
1230 1852 1343 1937 Argue

258 1956 539 2036 interpretationes
567 1973 692 2033 eornm,
724 1973 825 2038 qnare
849 1973 916 2019 non
942 1975 1039 2020 unam
1072 1955 1343 2036 explanationem

259 2057 365 2119 secuti
387 2055 464 2133 siut,
487 2063 521 2120 ct
534 2055 568 2118 iu
584 2055 700 2120 eadem
713 2075 748 2120 re
770 2055 860 2139 quod
874 2055 928 2120 vol
943 2055 1020 2132 sibi,
1035 2055 1088 2120 vel
1102 2055 1179 2118 aliis
1195 2055 1344 2120 videatur

259 2161 456 2220 enumerant.

538 2296 734 2381 Hieronym.
748 2297 782 2360 iu
796 2295 927 2361 Eooles.
942 2315 1019 2380 cap.
1033 2299 1064 2362 l.

300 2425 457 2490 Comicus
468 2428 531 2492 ait:
547 2427 642 2492 Nihil
653 2428 849 2506 estdiotnm,
861 2429 950 2512 qnod
966 2449 1031 2494 non
1042 2429 1219 2494 sitdiotnm
1230 2431 1342 2512 prins:

256 2527 342 2590 trude
362 2534 396 2591 et
410 2535 599 2610 praeceptor
620 2546 714 2592 meus
734 2527 897 2606 Donatus,
922 2549 997 2594 oum
1019 2531 1126 2613 ipsum
1141 2532 1342 2596 versiculum

257 2635 447 2712 exponeret,
462 2627 616 2707 Pereunt,
633 2629 750 2712 inquit,
766 2631 825 2712 qni
840 2638 915 2695 aute
929 2650 993 2696 nos
1007 2635 1122 2696 nostra
1135 2631 1299 2732 eliserunt.

602 2989 667 3053 DE
689 2987 985 3055 EUGRAPHIO.

261 3167 444 3233 Gerbertus
459 3169 627 3252 qnondam
641 3169 861 3235 scholasticus
876 3171 919 3236 ad
933 3170 1123 3250 Airardum,
1139 3169 1250 3254 Epist.
1260 3189 1327 3236 vrr.

294 3299 518 3364 Potitiouibns
530 3300 598 3365 tuis
613 3303 805 3367 annuimus:
827 3311 943 3368 nostra
952 3312 990 3368 ut
998 3305 1178 3388 exequaris
1191 3309 1338 3388 negotia,

250 3399 340 3464 volut
361 3400 506 3482 propria,
527 3419 707 3466 monemus.
751 3403 885 3469 Plinius
904 3403 1103 3482 emendetur,
1127 3405 1339 3490 Eugrnphins

249 3500 436 3583 recipiatur.

250 3649 431 3716 Gorbortus
456 3630 525 3715 hic¹
538 3658 657 3734 postea
683 3651 756 3716 ΡΡ.
781 3653 903 3733 lactus,
932 3655 1102 3738 Sylsester
1128 3653 1239 3718 dictus
1260 3655 1334 3731 luit,

290 3749 442 3832 vixitque
461 3751 525 3814 sub
549 3749 679 3815 Othone
705 3751 776 3816 111.
801 3753 889 3837 Imp.
913 3756 1002 3820 circa
1026 3755 1070 3822 A.
1084 3753 1121 3819 G.
1134 3754 1210 3819 998.
1254 3754 1334 3818 Via.

290 3847 458 4013 ¹Faslclioul.
472 3850 628 3936 Tempor.
645 3851 838 3936 Onuphrins
859 3855 1003 3922 Pauvin.
1018 3857 1052 3919 iu
1069 3854 1187 3919 (ihren.
1202 3854 1332 3920 Boules.

288 3955 354 4013 ota
371 3950 403 4012 'i.
