2948 4890
408 411 589 462 nonrnuu
613 413 835 466 couroonurr
862 415 989 466 usuro.
1162 404 1227 470 loe

126 555 233 616 damus
248 553 430 616 testimonia.
472 556 607 615 Donatus
622 555 652 614 in
666 555 830 636 Adelphos,
854 557 991 632 Nomina,
1004 557 1109 638 inquit,
1125 579 1226 640 perso-

127 671 230 712 narum
244 649 275 712 in
289 651 453 711 Comoediis
463 647 573 712 habere
587 651 698 712 debent
710 653 854 712 rationem
868 663 899 714 et
911 653 1131 734 etymologiam.
1174 655 1226 716 Et·

125 749 206 808 enim
219 747 382 808 absurdum
395 757 443 808 est
454 748 606 809 Carnicum
620 758 721 829 aperte
736 759 910 828 argumenta
920 751 1100 832 confingere,
1111 749 1159 812 vel
1173 771 1227 812 no·

125 865 194 905 meo
208 863 345 925 penante
359 845 554 924 incongruum
568 843 650 918 dare,
676 845 723 905 vel
745 845 873 906 officium
897 846 978 926 quod
1000 847 1038 906 sit
1064 865 1083 906 a
1109 849 1227 908 nomine

125 941 287 1002 diversum.
329 941 408 1001 Hinc
422 961 523 1002 servus
537 940 643 1014 fidelis,
659 939 822 1002 Parmeno:
845 943 981 1016 infidelis,
1000 945 1048 1004 vel
1062 946 1165 1025 Syrus,
1179 946 1226 1004 vel

127 1038 228 1100 Geta:
249 1035 333 1098 miles
347 1037 472 1112 Thraso,
490 1037 537 1098 vel
558 1037 722 1099 Polemon:
740 1039 858 1118 juvenis
880 1038 1072 1119 Pamphilus:
1092 1051 1228 1101 matrona

127 1133 302 1215 Myrrhina:
323 1143 355 1194 et
367 1153 451 1214 puer,
463 1145 493 1196 et
506 1137 544 1194 ab
558 1134 649 1196 odore
663 1136 789 1196 Storax:
811 1145 841 1196 et
855 1155 873 1196 a
885 1135 967 1208 ludo,
989 1145 1019 1196 et
1033 1156 1051 1197 a
1066 1136 1228 1217 gesticula-

127 1233 207 1292 tione
222 1230 348 1292 Circus:
362 1231 475 1292 etitem
489 1231 604 1304 similia,
618 1232 649 1292 in
664 1233 771 1312 quibus
786 1252 931 1292 summurn
944 1235 1041 1311 poetes
1053 1235 1154 1294 vitium
1169 1245 1226 1307 est,

128 1329 154 1388 si
172 1327 246 1407 quid
265 1327 444 1389 econtrario
459 1347 628 1408 repugnans
643 1329 820 1390 contrarium
834 1329 1041 1410 diversumque
1054 1331 1228 1412 protulerit:

128 1423 185 1484 nisi
199 1443 253 1504 per
261 1413 453 1504 Autiphrasin
465 1443 571 1485 nomen
585 1424 756 1505 imposuerit
764 1425 947 1507 joculariter:
963 1436 997 1486 ut
1010 1425 1229 1507 Misargyritles

128 1520 158 1579 in
179 1519 290 1582 Plauto
303 1519 410 1580 dicitur
423 1519 575 1600 trapezita.
618 1521 657 1580 Et
670 1521 730 1582 lere
743 1521 800 1583 hoc
813 1521 902 1582 morlo
917 1523 997 1603 apud
1010 1523 1083 1584 alios
1098 1543 1117 1582 a
1130 1524 1227 1603 po'e'tis

129 1616 251 1677 nomina
263 1629 481 1698 componuntur
494 1616 690 1679 describenda
706 1637 758 1698 per
771 1617 974 1699 Antiphrasin,
997 1619 1078 1700 quod
1092 1618 1231 1699 designat

132 1713 251 1774 Storax.

170 1809 256 1871 idem
267 1811 298 1870 in
313 1812 466 1883 Andriam,
480 1813 611 1894 Semper,
626 1813 732 1894 inquit,
746 1811 867 1873 nomina
877 1811 1064 1873 Cornioorum
1079 1831 1230 1874 servorum

133 1916 185 1968 aut
198 1927 218 1968 a
232 1909 402 1970 nationibus
416 1919 487 1970 sunt
499 1909 612 1971 indita:
634 1923 666 1972 ut
689 1909 796 1992 Mysis,
821 1909 931 1990 Syme:
952 1917 1005 1968 aut
1018 1925 1054 1968 err
1069 1907 1233 1971 accidenti·

132 2004 198 2078 bus,
208 2015 244 2066 ut
256 2004 373 2079 Lesbia,
387 2007 468 2066 velut
481 2007 606 2080 ebriosa,
619 2026 638 2068 a
652 2007 747 2068 Lesbo
760 2005 868 2078 insule,
879 2025 948 2084 quse
962 2015 1009 2064 est
1019 2004 1100 2064 lerar
1115 2005 1230 2066 suavis-

132 2100 196 2160 simi
210 2101 474 2182 candidissimique
487 2103 568 2164 vini:
590 2113 642 2165 aut
655 2123 674 2166 a
687 2101 862 2175 vernilitate,
876 2111 909 2162 nt
923 2099 1109 2162 Pseudulus:
1129 2112 1180 2162 eut
1193 2121 1231 2164 ex

133 2199 261 2276 negotio,
287 2207 320 2258 ut
341 2198 526 2280 Chrysalus:
547 2209 599 2260 aut
623 2221 661 2262 ex
685 2199 827 2282 qualitate
836 2198 990 2280 eorporis,
1013 2207 1047 2257 ut
1060 2196 1231 2278 Chylacus:

133 2304 184 2354 aut
196 2314 235 2354 ex
249 2294 350 2374 specie
363 2296 476 2370 formae,
490 2307 524 2356 ut
537 2295 701 2360 Pinacium.

171 2389 280 2452 Strabo
293 2391 367 2452 libro
381 2393 528 2472 septimo:
550 2391 619 2454 Fuit
632 2403 663 2454 et
675 2391 735 2454 ulia
747 2393 873 2473 regionis
897 2389 1013 2465 divisio,
1036 2411 1074 2454 ex
1095 2390 1227 2470 antiquis

132 2507 309 2567 pennanens
323 2490 513 2570 temporibus.
554 2489 637 2551 Alios
651 2491 729 2552 euim
743 2489 855 2562 Dacos,
869 2488 944 2550 ulios
957 2487 1051 2548 Getas
1065 2487 1229 2567 appellant.

133 2582 226 2646 Getas
240 2586 372 2665 quidem,
396 2587 447 2667 qni
468 2585 507 2647 ad
532 2587 660 2648 Pontum
681 2588 712 2647 in
727 2586 879 2648 Orientem
891 2593 1039 2665 vergunt:
1062 2583 1162 2646 Dacos
1177 2601 1231 2644 au·

133 2691 202 2754 tem,
221 2683 315 2762 quiin
331 2685 498 2763 oppositum
512 2704 615 2745 versus
629 2685 828 2756 Germaniam,
842 2692 874 2742 et
888 2680 927 2742 ud
942 2682 1009 2742 Istri
1023 2680 1132 2752 fontes,
1151 2699 1230 2758 quos

132 2777 200 2838 olim
215 2779 320 2838 Davus
334 2789 454 2840 vocatos
473 2799 541 2840 esse
562 2799 637 2840 reor.
680 2781 725 2839 Ex
739 2799 799 2857 quo
813 2776 896 2856 apud
909 2775 1106 2836 Athenienses
1129 2774 1233 2836 Davo·

134 2893 195 2934 rum
208 2884 241 2934 et
255 2873 398 2934 Getarum
412 2876 530 2935 nomina
543 2873 661 2934 servilia
673 2872 832 2953 plurimum
847 2867 1049 2932 abundabant.
1077 2869 1144 2930 Hoc
1160 2889 1233 2930 saue

135 2969 302 3030 erediltllius
315 2979 371 3045 est,
393 2991 482 3052 quarn
498 2992 516 3031 a
530 2969 706 3052 Scytharum
721 2977 810 3050 gente
824 2965 959 3038 derivari,
983 2985 1058 3046 quos
1084 2966 1166 3028 Deas
1180 2985 1233 3027 vo-

135 3078 214 3128 cant.
257 3067 359 3148 Longe
373 3071 451 3129 enim
465 3069 508 3129 illi
523 3068 562 3129 ad
576 3067 758 3150 Hyrcaniam
778 3064 868 3146 positi
886 3071 970 3141 sunt,
993 3081 1100 3124 neuen
1114 3081 1149 3122 eo
1164 3061 1231 3124 loeo

133 3163 268 3224 Athenas
288 3165 438 3246 mancipia
461 3165 616 3247 deportata
639 3161 804 3248 putandum
828 3169 884 3222 est.
926 3160 1033 3220 Servos
1056 3157 1134 3218 enim
1148 3167 1232 3248 aute

134 3260 311 3341 populorum
326 3263 492 3323 nominibus
505 3265 662 3336 vocabant,
684 3281 703 3322 a
723 3260 829 3341 quibus
845 3257 1048 3328 vectabantur,
1069 3263 1103 3315 ut
1118 3253 1233 3336 Lydum

135 3366 165 3417 et
178 3357 306 3438 Syrum:
329 3367 381 3418 ant
401 3359 437 3419 iis
451 3361 576 3420 manime
591 3380 658 3440 quae
673 3359 731 3418 illis
747 3357 778 3416 in
793 3355 866 3417 locis
881 3353 976 3432 magis
991 3372 1026 3412 ao
1037 3351 1134 3431 magia
1148 3371 1234 3412 usur·

135 3463 206 3539 pets
220 3465 315 3528 erant,
329 3465 364 3517 ut
377 3455 499 3517 Manem
513 3455 683 3531 ethildam,
697 3475 734 3518 ex
744 3451 889 3534 Phrygia:
905 3449 1090 3529 Tibiumque,
1101 3467 1119 3508 e
1132 3445 1234 3527 Paph-

134 3549 265 3630 lagonis.

175 3645 297 3706 Servius
311 3645 342 3705 in
356 3647 480 3727 primam
494 3649 635 3730 Eclogam
650 3646 733 3728 Virg.
763 3645 859 3706 Etiam
871 3641 929 3704 hoc
944 3639 1107 3711 scientium,
1122 3648 1153 3698 at
1167 3657 1233 3718 per·

136 3761 225 3802 sonas
239 3740 327 3820 hujus
342 3743 439 3822 operis
454 3765 490 3804 ex
504 3746 605 3825 majori
619 3754 703 3826 parte
717 3743 837 3804 nomina
847 3739 885 3800 de
897 3740 984 3799 rebus
994 3735 1112 3797 rusticis
1123 3734 1233 3792 habere

135 3839 282 3898 conficta:
302 3847 338 3898 ui
350 3839 520 3915 Meliboeus,
532 3842 574 3902 ὅιι
587 3845 669 3918 μέλει
682 3841 756 3920 ιιῙιιᾷ
770 3849 826 3900 ιῦν
838 3833 925 3912 βοῦνι
950 3832 1029 3912 qu⁰d
1043 3847 1145 3891 ‘imm
1160 3829 1235 3906 3⁰¹⁹st

135 3935 234 3995 boum.
277 3933 317 3993 Et
340 3933 475 4016 Tityrus:
497 3956 565 3998 nam
588 3937 738 3997 Laconum
761 3933 867 4012 lingua
887 3928 1005 4008 Tityrus
1027 3925 1136 3986 dicitur
1158 3925 1234 3985 aries

136 4031 238 4110 major,
262 4031 314 4112 qui
338 4051 458 4112 gregem
481 4033 592 4095 anteire
606 4028 813 4093 consueverit:
834 4025 911 4086 sicut
924 4023 1011 4083 etiam
1026 4021 1057 4080 in
1072 4019 1234 4080 Comoediis

135 4127 310 4189 invenimus.
353 4127 431 4190 Nam
445 4129 615 4211 Pamphilus
629 4137 676 4188 est
697 4135 778 4188 totus
800 4139 924 4186 amans:
946 4116 1125 4200 Glycerium,
1147 4115 1234 4197 quasi

139 4221 234 4285 dulcis
248 4222 371 4286 mulier:
392 4223 577 4302 Philumena,
591 4221 734 4286 amabilis.
