2948 4890
240 355 305 422 luo
536 369 672 420 iunius
696 367 824 422 ossan
848 369 1034 423 acanrcne

241 512 423 574 Terentianis
437 520 572 574 tantum:
603 530 727 590 quarum
751 512 887 590 gratiam,
908 531 998 592 quam
1022 513 1171 593 ekgantia
1194 516 1333 578 orationis

242 621 330 689 atque
352 611 478 690 puritate
500 619 668 670 consecutae
687 619 798 680 carent,
812 608 986 670 diminutam
1000 613 1123 690 putabat
1139 613 1258 674 licentia
1271 634 1334 674 ver·

242 727 327 770 suunt
341 707 529 787 longiorum:
550 725 618 766 cum
632 717 730 766 tamen
753 705 877 768 Plautus
901 707 993 766 nihilo
1016 709 1056 768 sit
1079 709 1108 768 in
1128 709 1265 772 trimetria
1278 709 1334 770 ire·

241 803 386 884 quentior.
430 803 496 864 Hoc
511 813 609 864 antem
624 803 749 882 amplius
771 801 875 864 eadam
900 803 930 863 in
950 805 1114 883 quaestione
1127 816 1235 886 peccat
1256 805 1334 866 Pris-

241 902 361 965 cianus:
382 899 526 980 quosdam
541 920 617 972 csso,
639 901 690 980 qni
713 899 744 960 in
768 900 895 962 Terentii
917 901 1036 964 Fabulis
1057 911 1156 964 extare
1176 911 1334 964 metrone-

243 1009 326 1080 gent,
347 1013 436 1078 atque
450 995 571 1060 eoadem
585 1007 684 1058 tamen
699 997 750 1070 ait,
772 997 824 1058 illa
837 997 922 1076 quasi
937 1017 1046 1060 amana
1059 998 1206 1078 quaedam,
1222 1000 1334 1078 sibique

244 1095 449 1174 soliacognitc
463 1093 601 1174 profiteri.
643 1092 723 1162 Quid
743 1093 822 1154 anim
844 1103 891 1154 est
914 1093 994 1156 hoel
1022 1115 1130 1174 negare
1153 1095 1333 1158 numerosln

243 1211 328 1254 versu
342 1190 492 1272 quopiam,
507 1188 685 1268 eosdemque
700 1208 837 1250 numeror
851 1189 880 1250 in
895 1189 999 1254 eodem
1010 1211 1095 1252 versu
1107 1211 1139 1252 sa
1150 1192 1231 1254 solor
1244 1191 1335 1252 dime-

243 1289 290 1353 tiri
303 1287 412 1368 ponci
441 1287 528 1346 Hanc
543 1287 719 1346 sentemiarn
740 1306 820 1348 more
834 1305 889 1352 sno
903 1287 940 1350 dc
954 1288 1005 1348 illo
1019 1297 1170 1350 mutuatur
1185 1289 1334 1360 Erasmus,

244 1382 473 1446 commodiorem
493 1380 583 1441 iecit:
605 1379 710 1441 dividit
723 1381 800 1442 enim
815 1401 891 1454 eam,
915 1383 1038 1463 ejusque
1052 1395 1151 1463 partes
1165 1383 1205 1444 ad
1219 1384 1335 1446 diversa

243 1481 332 1540 relert
339 1477 461 1556 judicia.
495 1477 578 1536 Alios
592 1476 688 1557 inquit
700 1497 820 1558 negare,
835 1479 909 1539 alios
923 1480 1007 1560 quasi
1016 1480 1145 1542 inutilem
1159 1499 1224 1542 enm
1239 1481 1334 1540 inres-

244 1577 415 1656 rigationem
444 1573 619 1634 existimare.
660 1574 790 1642 Quorum
820 1585 976 1654 utrumque
1002 1577 1151 1655 cumipse
1176 1576 1335 1655 rejecisset,

245 1672 403 1752 quoderat
427 1671 521 1750 priore
546 1671 623 1744 loco,
646 1672 750 1731 merito
774 1672 858 1751 quasi
877 1672 1042 1752 judicatum
1057 1673 1163 1732 omisit.
1206 1672 1334 1732 Alterius

246 1779 343 1841 autern
358 1769 499 1828 rationem
522 1768 598 1828 hanc
615 1767 737 1828 reddere
754 1768 896 1828 instituit:
924 1789 982 1828 non
1006 1788 1123 1848 operam
1143 1768 1267 1848 perdere
1284 1788 1334 1826 nos

191 1860 204 1878 '
245 1862 422 1942 indagandis
436 1883 573 1924 versuum
587 1863 741 1942 generibus
755 1883 762 1922 :
784 1863 840 1924 hac
855 1865 931 1924 enim
942 1864 1096 1944 diligentia
1110 1865 1196 1936 effici,
1210 1875 1254 1936 ut,
1269 1885 1334 1944 qum

246 1960 426 2020 librariorum
449 1960 561 2020 incuria
584 1961 770 2039 transpositae
796 1980 883 2022 voces
901 1963 970 2035 sint,
985 1962 1046 2022 suis
1060 1983 1103 2022 eae
1119 1961 1237 2022 sedibus
1253 1961 1336 2020 resti·

246 2065 376 2116 tuantur.
419 2056 482 2135 Ego
507 2075 575 2132 vero
601 2075 697 2136 neque
716 2056 773 2116 boc
792 2076 859 2117 esse
874 2059 1071 2118 necessarium
1098 2057 1193 2128 video,
1214 2068 1245 2117 et
1270 2058 1336 2135 plns

246 2151 377 2214 conferre
392 2151 430 2214 ad
450 2152 555 2214 solute
569 2152 708 2214 orationis
722 2152 895 2214 libertatem.
938 2153 1014 2214 Nam
1028 2173 1124 2232 neque
1135 2153 1229 2214 ubivis
1243 2163 1338 2216 trans·

247 2249 351 2329 posite
373 2269 463 2312 voces
478 2269 580 2312 vernus
602 2247 708 2312 tollent
730 2249 962 2312 connexionem:
992 2260 1022 2310 et
1042 2248 1276 2329 frequentissime
1290 2249 1337 2312 dc·

246 2346 454 2426 prehendimus
469 2348 506 2408 ob
518 2345 630 2408 numeri
639 2345 843 2408 necessitatem
857 2346 1111 2426 itatranspositan,
1120 2355 1161 2415 ut,
1177 2346 1201 2404 si
1212 2345 1336 2408 eandem

247 2443 424 2504 sententiam
447 2442 477 2502 in
492 2441 648 2524 epistolam
670 2444 711 2504 sia
725 2441 878 2514 allaturus,
900 2443 1016 2522 cogaris
1041 2441 1105 2504 aliis
1120 2441 1239 2502 sedibus
1254 2441 1337 2522 dige-

247 2558 328 2600 rere:
349 2538 440 2602 veluti
453 2559 521 2600 cum
543 2539 736 2600 Terentianus
751 2539 832 2601 Simo
855 2539 913 2600 ait:
945 2539 999 2600 ‘Si
1014 2558 1135 2600 sensero
1153 2537 1241 2598 bodie
1255 2538 1337 2616 quic·

247 2655 336 2716 quarn
350 2637 381 2696 in
395 2634 441 2696 bis
455 2646 485 2696 te
503 2636 612 2716 nuptiis
637 2635 776 2698 Fallacia
794 2635 905 2708 conari,
928 2654 989 2714 quo
1010 2636 1084 2696 fiant
1104 2634 1221 2696 minua’
1262 2634 1337 2696 Nam

247 2733 342 2811 priore
357 2751 442 2794 versu
456 2733 549 2794 multa
571 2733 699 2796 invertas
721 2732 785 2795 sine
799 2730 956 2812 dispendio
969 2749 1174 2794 numerorum:
1195 2729 1224 2792 in
1246 2729 1338 2790 altero

248 2840 346 2891 autern
361 2839 391 2890 et
405 2830 580 2910 quotidiano
601 2847 748 2900 sermone,
773 2839 803 2890 et
821 2827 987 2888 forensibus
1000 2827 1236 2890 contentionibus
1255 2825 1339 2888 aliter

250 2925 382 3004 loquare.
434 2925 549 3006 ltaque,
572 2925 597 2988 ri
624 2925 734 2988 librarii
762 2925 804 2985 ito
831 2923 1036 3002 scripsissent:
1071 2922 1209 2984 Fallacia
1226 2923 1338 2992 conari,

249 3041 306 3102 prro
320 3021 527 3102 ninufiorrt:
547 3041 584 3082 ex
607 3041 706 3081 eorum
732 3020 893 3082 temeritate
916 3019 973 3082 hoc
992 3019 1103 3080 fructus
1126 3019 1340 3098 capiamur„ut

252 3117 364 3179 minore
378 3119 498 3196 nogotio
512 3117 666 3178 imitemur.
709 3117 775 3178 Hoc
789 3117 877 3194 igitur
892 3135 951 3176 non
966 3133 1108 3194 negamus
1123 3133 1188 3185 noa,
1203 3133 1339 3176 versuum

250 3213 366 3291 legibus
388 3212 457 3274 duci
481 3231 536 3274 nos
560 3212 598 3274 ad
613 3215 766 3276 verborum
791 3213 878 3274 sedes
901 3211 1142 3290 investigandas:
1173 3210 1226 3272 sed
1252 3210 1282 3270 in
1305 3229 1340 3270 eo

251 3309 342 3370 ullam
356 3328 423 3368 erse
437 3308 605 3383 utilitatem,
628 3310 685 3370 hoo
701 3295 863 3388 negamus:
885 3309 973 3370 immo
987 3327 1055 3368 vcro
1073 3305 1238 3370 conducere
1252 3307 1341 3368 inter·

251 3405 324 3466 dum
343 3405 447 3484 magis,
473 3404 498 3464 si
522 3405 702 3484 transposita
725 3406 793 3477 sint,
817 3423 876 3484 quo
900 3403 1003 3464 ordina
1024 3401 1186 3466 orationem
1210 3413 1341 3466 nostram

252 3503 450 3565 instituamus.
492 3502 551 3564 Sed
567 3504 697 3582 prolecto
719 3503 775 3562 bac
799 3521 889 3582 opera
912 3501 980 3580 plus
1003 3500 1057 3561 luit
1080 3498 1188 3560 laboris
1202 3508 1342 3569 sumtum,

252 3620 341 3681 quam
355 3611 474 3682 captum
490 3600 639 3662 utilitatis:
671 3609 774 3662 utnon
788 3598 951 3662 sineceura
963 3597 1141 3666 miraremur,
1155 3615 1286 3658 summor
1299 3597 1342 3654 vi·

252 3718 300 3760 ror
314 3709 430 3760 tantum
440 3697 530 3758 studii
539 3697 570 3758 in
579 3695 766 3760 dimetiendis
779 3693 836 3758 illia
850 3692 982 3756 versibus
993 3690 1138 3770 posuisse,
1147 3689 1343 3762 Priscianum,

254 3795 415 3870 Donatum,
440 3797 595 3877 Asperum,
608 3795 727 3866 lunam,
747 3793 901 3862 Scaurum,
919 3789 1059 3860 Probum,
1079 3785 1253 3866 Sulpicium,
1268 3787 1343 3850 Var-

253 3911 354 3952 ronem
376 3893 484 3971 ipsum.
527 3892 660 3960 Quorum
684 3887 856 3969 frequentiae
881 3905 947 3945 cunt
970 3884 1041 3944 mibi
1063 3883 1092 3942 in
1113 3893 1240 3946 ruentem
1254 3885 1344 3956 venit,

254 4001 375 4066 apparet
386 3989 465 4050 illico
479 3997 531 4048 ant
544 3989 670 4048 obscura
683 3985 846 4064 diligentia,
869 3979 920 4061 qui
941 3979 1050 4040 inlecto
1073 3979 1192 4058 negotio
1209 3979 1345 4058 eguerint

255 4103 446 4154 successore;
469 4095 520 4144 aut
533 4105 580 4146 rcr
593 4086 657 4164 ipsa
670 4081 793 4162 perdita,
817 4100 884 4160 qum
899 4079 945 4140 vel
967 4079 1005 4141 ab
1028 4095 1087 4138 uno
1102 4076 1231 4138 alterove
1245 4087 1344 4136 tanto·

255 4199 318 4240 rum
333 4179 457 4240 virorum
471 4181 634 4260 nequiverit
647 4179 761 4240 confici.
805 4178 902 4246 Quare
916 4193 952 4236 ea
972 4193 1091 4255 quoquc
1105 4191 1206 4244 causa,
1222 4171 1275 4232 ced
1290 4191 1345 4251 pn-
