3012 4892
270 383 313 448 bit
690 395 738 442 na
762 393 954 443 cassano.

268 539 337 612 cris,
356 537 483 598 admisto
504 537 751 615 pronuntiationis
775 535 906 607 modulo,
930 552 1000 613 qno,
1023 533 1095 594 dum
1110 545 1194 595 actus
1209 545 1371 596 commuta'-
1487 541 1488 544 ’

269 635 386 702 bantur,
404 632 533 712 populus
547 631 737 692 detineretur.
779 631 972 710 Compitalitii
995 640 1095 690 eutem
1121 629 1195 690 Ludi
1217 630 1299 702 dicti,
1321 630 1370 708 qui

164 789 166 792 ,
269 747 322 808 per
334 729 463 806 compita
475 728 605 795 fiebant;
628 747 786 806 sceneeqnc
800 727 928 787 ductiles
943 727 973 785 in
988 726 1129 806 plaustn's
1143 727 1182 786 ob
1196 725 1226 785 id
1242 725 1372 805 antiquis

269 824 456 902 excogitata.
498 822 608 884 Postea
621 841 690 882 vero
709 823 830 894 lactum,
853 834 887 882 nt
911 821 1001 881 Ludis
1016 821 1142 901 publicis
1155 830 1186 882 et
1199 822 1228 880 in
1242 821 1372 882 Tbeatro

271 928 427 999 agerentur
443 917 537 978 Nova
551 917 713 977 Comoedias
728 917 807 996 apud
823 917 986 976 Romanos.

311 1014 411 1074 Ludos
424 1015 569 1073 vocabant
581 1012 700 1093 publica
715 1013 898 1091 spectacula,
921 1031 989 1090 quar
1004 1021 1066 1072 tum
1081 1012 1110 1071 in
1127 1013 1252 1092 gratiam
1266 1013 1369 1092 populi

267 1113 330 1172 fleri
344 1109 473 1170 solerent
494 1128 511 1167 a
533 1119 648 1175 senatu,
668 1117 699 1168 et
722 1126 740 1168 a
760 1107 939 1186 principibus
959 1107 1084 1180 institui,
1108 1109 1156 1168 vel
1178 1107 1217 1168 ad
1239 1109 1369 1168 favorem

268 1205 371 1286 populi
384 1202 602 1264 conciliandum
617 1207 664 1278 (ut
677 1202 836 1262 nonnullos
860 1202 997 1262 Caesares
1021 1202 1128 1263 iecisse
1154 1203 1302 1282 legimns),
1324 1203 1371 1263 vel

269 1303 308 1362 ad
323 1301 484 1361 animorum
497 1299 708 1359 relaxationem
722 1307 753 1358 et
766 1297 1003 1358 oblectationem.
1048 1299 1147 1360 Multo
1162 1299 1256 1378 magis
1271 1298 1311 1358 ad
1326 1317 1372 1358 re·

268 1397 409 1478 ligionem
423 1395 549 1456 instituti
564 1405 633 1455 sunt
649 1395 733 1454 Ludi.
764 1394 841 1454 Nam
857 1395 922 1454 Diis
937 1404 1007 1473 post
1017 1393 1162 1456 sacrificia
1171 1396 1260 1454 etiam
1272 1394 1371 1454 Lndcs

269 1492 404 1572 publicos
419 1492 644 1552 consecrabant.

312 1587 387 1646 Ludi
406 1588 503 1664 igitur,
525 1597 556 1646 et
577 1586 712 1657 ludicra,
735 1607 803 1665 qum
818 1587 905 1644 etiam
922 1585 1091 1646 Certamina
1108 1595 1250 1646 vocarunt
1265 1587 1370 1660 latini,

272 1683 371 1742 Graeci
386 1684 518 1762 Agonas,
541 1681 699 1740 multorum
722 1700 862 1760 generum
877 1681 1013 1740 fuerunt:
1034 1699 1215 1760 aequavero
1229 1693 1370 1743 unctan-

268 1789 331 1838 tum
346 1777 517 1858 spectaculo
528 1777 557 1836 in
577 1775 700 1856 publicis
715 1775 805 1835 Ludis
824 1775 1009 1834 detinebatur
1028 1777 1168 1857 populns.
1211 1778 1303 1838 Erant
1318 1799 1371 1838 an·

271 1885 330 1934 tem
345 1874 419 1932 Ludi
432 1873 569 1954 Gymnici
584 1881 615 1931 et
628 1871 788 1931 Athletici:
811 1869 883 1929 Ludi
900 1870 1073 1931 Circenses:
1089 1872 1164 1932 Ludi
1180 1871 1369 1933 Gladiatorii:

271 1981 302 2030 et
316 1970 391 2029 Ludi
413 1968 549 2036 Scenici;
571 1966 609 2026 de
625 1967 732 2046 quibus
748 1985 827 2025 nunc
843 1964 1015 2044 singulatim
1034 1979 1081 2025 est
1100 1969 1203 2046 paucis
1223 1968 1370 2028 disseren-

271 2065 353 2137 dum,
367 2065 472 2144 partim
487 2081 524 2124 ex
539 2062 663 2136 Budoeo,
678 2073 787 2122 nostras
803 2061 910 2120 Gallice
924 2061 1045 2134 lumine,
1061 2063 1165 2142 partim
1179 2083 1216 2124 ex
1227 2065 1370 2137 Vitruvio,

271 2161 412 2233 Lucieno,
427 2171 458 2219 et
471 2159 535 2220 aliis
550 2159 680 2238 antiquis
696 2159 876 2218 auctoribus.

311 2256 448 2336 Gymnici
458 2265 489 2314 et
498 2255 639 2315 Athletici
654 2255 728 2314 Ludi
743 2257 772 2314 in
783 2255 930 2334 palaestris
943 2275 978 2316 ac
993 2257 1155 2336 gymnasiis
1167 2257 1279 2317 fiebant
1289 2257 1369 2336 apud

272 2351 405 2422 Graecos,
428 2371 495 2430 qnae
519 2350 587 2410 loca
606 2351 727 2411 fuerunt
739 2352 911 2411 exercendis
926 2362 956 2412 et
968 2353 1099 2431 corporis
1114 2363 1145 2412 et
1157 2353 1245 2414 animi
1260 2353 1370 2413 viribus

270 2446 505 2506 accommodata.
549 2447 626 2504 Nam
650 2447 738 2504 etiarn
756 2447 784 2504 in
800 2445 835 2504 iis
849 2447 996 2526 palaestris
1012 2458 1064 2508 ant
1077 2447 1239 2528 gymnasiis
1253 2448 1370 2508 exedrae

271 2543 400 2615 luerunt,
423 2543 452 2602 in
476 2543 584 2622 quibus
605 2541 774 2620 philosophi
796 2542 895 2602 Graeci
913 2543 1051 2604 sedentes
1066 2542 1268 2624 disputabant.
1309 2545 1370 2604 Sed

271 2650 302 2698 ct
323 2639 470 2718 palaestrae
490 2639 648 2718 appellatio
663 2657 779 2698 omnem
794 2639 963 2698 athleticam
979 2650 1071 2699 artem
1086 2649 1116 2700 et
1130 2641 1370 2701 exercitationem

271 2735 484 2814 complectitur,
496 2733 734 2814 decentiamque:
751 2752 811 2812 qua
824 2743 932 2805 status,
946 2743 1055 2806 motus,
1066 2735 1218 2814 flexusque
1228 2737 1370 2814 corporis,

175 2857 180 2866 ·
272 2849 307 2890 ac
319 2849 421 2890 omnes
435 2828 554 2889 omnino
570 2830 688 2889 habitus
703 2839 889 2890 venustatem
903 2829 1053 2908 quandam
1065 2830 1253 2909 leporemque
1263 2850 1325 2910 prce
1337 2851 1369 2892 se

271 2925 386 2985 lerunt:
407 2944 494 3004 quarn
518 2926 568 3004 qui
591 2943 649 2984 non
674 2926 848 2998 didicerant,
873 2927 892 2984 ii
918 2926 1073 3005 apalscstoi
1095 2928 1132 2986 ab
1156 2927 1283 3005 antiquis
1299 2927 1370 2988 dicti

266 3033 350 3080 renni.
393 3021 465 3078 Earn
481 3041 550 3080 vero
564 3032 654 3080 artem
670 3024 720 3100 qui
734 3024 921 3094 exercebant,
945 3033 997 3082 aut
1010 3024 1061 3103 qui
1080 3024 1109 3084 in
1127 3023 1266 3105 palaestra
1287 3042 1370 3084 exer-

271 3117 424 3178 cebantur,
437 3114 484 3173 vel
500 3114 691 3174 decertabant
709 3117 847 3193 praemiis,
868 3119 1037 3196 palaestrita
1058 3120 1104 3181 vei
1126 3121 1282 3198 palastrici
1298 3119 1371 3182 dicti

247 3277 252 3286 ι
271 3217 356 3267 sunt:
379 3207 541 3287 Gymnicos
556 3210 654 3272 Graeci
668 3211 755 3272 ctiam
770 3225 924 3286 vocarunt,
938 3215 1017 3294 quod
1033 3213 1104 3274 nudi
1119 3214 1238 3274 athletae
1252 3235 1370 3278 exerce·

271 3313 380 3362 rentur.
424 3305 561 3364 Ceterum
585 3307 614 3364 in
638 3307 778 3386 palaestra
803 3309 949 3390 gymnasii
973 3309 1082 3387 (inquit
1107 3309 1245 3385 Plautus)
1268 3329 1368 3384 cursu,

271 3397 423 3471 luctando,
441 3398 538 3470 hasta,
561 3401 653 3474 disco,
677 3403 823 3482 pugilatu,
847 3401 980 3463 saliendo
1002 3423 1034 3462 se
1048 3405 1224 3464 exercebant
1238 3404 1368 3466 athletae.

273 3492 450 3573 Hujusmodi
474 3495 546 3554 Ludi
566 3497 594 3556 in
611 3499 725 3576 Campo
742 3499 851 3558 Martio
867 3498 946 3578 apud
962 3499 1114 3560 Romanos
1136 3501 1198 3560 fieri
1220 3500 1368 3562 solebant.

312 3589 371 3658 Qui
386 3593 542 3651 currebant
555 3592 584 3650 in
602 3593 690 3653 Ludis
704 3594 870 3676 Gymnicis,
892 3596 949 3656 hoc
969 3605 1025 3668 est,
1047 3616 1134 3658 cursu
1149 3616 1271 3676 corpora
1285 3617 1369 3658 exer-

271 3687 389 3758 cebant,
410 3687 456 3750 vel
477 3707 513 3746 eo
535 3688 737 3762 decertabant,
762 3691 875 3750 Graecis
898 3690 991 3750 dromi
1015 3691 1210 3771 appellantur,
1231 3691 1290 3754 hoc
1311 3705 1368 3768 est,

271 3800 417 3844 cursores.
458 3783 588 3851 Quorum
605 3783 653 3844 alii
668 3784 860 3845 stadiodromi
884 3785 1068 3859 dicebantur,
1091 3787 1142 3866 qui
1158 3786 1285 3846 stadium
1300 3808 1368 3868 per-

271 3881 446 3939 currebant:
469 3880 518 3939 alii
533 3880 738 3951 diaulodromi,
753 3899 771 3940 a
785 3881 963 3942 circumactu
979 3883 1124 3955 curriculi,
1146 3881 1176 3942 id
1196 3895 1253 3954 est,
1275 3883 1368 3962 duplo

271 3975 427 4045 curriculo,
438 3975 516 4054 qnod
532 3975 651 4035 diaulon
667 3978 829 4035 vocabant:
848 3995 914 4035 narn
929 3978 947 4035 ii
962 3996 1108 4050 cursores,
1122 3999 1189 4039 curn
1204 3979 1241 4038 ad
1258 3989 1368 4040 metam

271 4083 472 4146 pervenerant,
493 4073 658 4143 flectentes,
681 4091 716 4131 eo
731 4093 830 4132 rursus
846 4076 1043 4148 recurrebant,
1065 4076 1145 4136 unde
1159 4095 1277 4136 cursum
1293 4076 1368 4136 inie-

270 4175 347 4222 rant.
375 4167 508 4227 Erantet
518 4167 743 4240 dolichodromi,
757 4170 808 4248 qui
823 4169 920 4230 sexies
931 4169 1058 4231 stadium
1069 4171 1215 4233 curriculo
1226 4173 1366 4232 obibant:

272 4277 339 4320 narn
354 4259 486 4322 dolichos
498 4260 687 4340 longissimus
701 4283 805 4325 cursus
821 4263 981 4326 dicebatur.
