2958 4892
231 323 295 390 168
531 332 748 385 rouorrnrus
771 327 1022 382 causaturus

230 484 319 544 veuit.
362 481 442 542 Nihil
463 490 560 542 autem
584 489 646 539 tam
669 487 716 538 est
740 477 918 548 abstrusum,
942 473 979 544 de
1002 493 1062 554 quo
1082 493 1142 534 nou
1162 475 1286 554 aliquid,
1300 477 1325 538 si

231 579 339 660 saepius
354 589 384 640 et
397 577 528 638 studiose
541 575 721 654 exquiratur,
741 571 803 632 erui
827 590 915 650 posse
936 569 1116 649 sperandum
1138 573 1196 632 sit:
1218 573 1250 634 τὸ
1272 577 1327 650 γὰρ

231 676 413 751 ἓητοὺμενον,
434 672 532 750 inquit
553 668 728 748 Sophocles,
750 667 872 739 ἁλωτὸν,
896 667 1024 746 drpsr'ryer
1048 665 1080 726 dd
1104 668 1327 747 τάμελούμενον.

233 771 334 828 Minus
349 779 447 828 autem
461 777 540 828 certe
551 778 635 846 torpe
646 773 702 836 est,
717 764 748 822 in
759 782 795 824 eo
807 781 824 822 a
835 781 895 842 quo
905 763 1137 844 quamplurimos
1152 762 1327 842 magnitudo

232 875 262 924 et
275 863 439 923 obscuritas
454 861 636 930 deternrerit,
656 859 845 938 quantumvis
860 857 1004 931 modicos,
1029 875 1117 937 quam
1131 858 1248 918 illorum
1262 877 1329 918 ves·

232 960 311 1038 ligiis
334 959 517 1020 insistentem
538 955 635 1016 nullos
660 973 833 1034 progressus
859 953 977 1014 fecisse.
1019 953 1051 1014 Si
1077 963 1178 1014 minen
1190 953 1329 1014 estadeo

232 1055 323 1134 digua
336 1073 394 1126 rer,
415 1053 465 1114 ubi
478 1053 543 1132 quis
558 1071 663 1112 nervos
678 1050 814 1110 intendat
828 1069 909 1124 suos,
929 1059 964 1110 ut
976 1051 1018 1110 ait
1030 1049 1195 1112 Terentius.
1239 1048 1330 1118 Quod

232 1151 350 1230 quidem
365 1151 406 1210 ita
421 1169 487 1210 esse
501 1148 585 1208 uobis
609 1167 783 1226 persuasum
800 1156 857 1219 est,
877 1157 909 1208 et
921 1155 1079 1207 renmruat
1091 1165 1196 1206 omnes
1208 1146 1260 1224 qni
1275 1144 1329 1206 ali-

232 1266 321 1324 quam
336 1246 444 1306 lamam
458 1243 630 1304 eruditionis
644 1243 793 1302 literarum
807 1251 837 1302 et
859 1241 1003 1302 doctrinm
1025 1241 1178 1302 consecuti
1197 1241 1328 1302 sumunt.

233 1343 309 1402 Cum
324 1340 440 1420 quidem
455 1359 514 1398 uon
529 1339 624 1400 solum
643 1339 747 1398 bestioe
762 1337 983 1398 demulceantur
997 1355 1154 1398 numeroso
1166 1355 1253 1408 sono,
1274 1335 1330 1396 sed

232 1436 405 1497 solitudines
427 1435 515 1496 etiam
538 1445 626 1514 etque
648 1433 741 1514 sylvse
762 1432 849 1510 quasi
869 1433 1043 1505 afficianorr,
1064 1431 1108 1492 its
1127 1431 1333 1511 respondeant

232 1532 420 1592 carminibus.
462 1531 520 1599 Qui
541 1531 694 1590 Musarum
710 1529 849 1608 reliquias
862 1527 893 1587 in
907 1545 979 1588 cora
991 1529 1134 1588 bonarum
1147 1527 1254 1587 artium
1268 1543 1330 1588 non

233 1626 435 1705 amplectetur,
457 1625 504 1685 vel
518 1625 606 1686 etiem
617 1633 797 1696 contemnet,
818 1641 884 1684 eum
898 1641 953 1682 nos
968 1621 1088 1701 quidem
1101 1621 1188 1682 nimis
1202 1631 1256 1682 ont
1269 1621 1330 1682 l'as·

233 1721 370 1781 tidiosum
384 1733 436 1782 eut
447 1723 603 1782 barbarum
618 1740 736 1800 qnoque
750 1739 817 1780 esse
827 1718 1039 1798 judicabimur.
1081 1718 1145 1778 Etsi
1159 1719 1286 1778 latemur
1299 1719 1330 1778 in

233 1818 290 1882 hac
305 1831 387 1897 parte
401 1837 660 1898 supervacaneum,
684 1827 715 1874 et
732 1815 762 1876 in
776 1813 906 1895 quodam
921 1815 1097 1874 inconcesso
1111 1831 1210 1876 eruore
1224 1814 1330 1875 Musa-

233 1933 301 1972 rum
319 1913 455 1974 insanum
469 1912 599 1972 studium
613 1909 744 1990 impendi
758 1929 819 1970 non
832 1919 977 1988 oportere,
999 1929 1048 1982 ne,
1071 1919 1232 1988 coquentes
1246 1910 1331 1970 volu·

231 2027 296 2069 cres
310 2007 388 2080 illos,
402 2007 458 2066 hoc
472 2007 594 2086 remigio
609 2006 754 2078 destituti,
769 2017 802 2066 ut
815 2004 852 2065 de
866 2005 1011 2086 Pyrenaeo
1024 2005 1134 2064 labulre
1148 2003 1281 2080 madunt,
1299 2006 1331 2066 in

232 2103 351 2164 exitium
365 2122 419 2162 nos
434 2102 660 2182 proecipitcmus.

273 2200 333 2261 Sed
348 2199 387 2260 ad
401 2219 460 2260 rem
476 2199 674 2260 accedemus:
697 2215 793 2276 pauca
805 2195 927 2277 quidem
939 2197 1026 2276 qussi
1043 2196 1158 2278 praelati
1172 2196 1211 2260 ds
1224 2197 1330 2260 horum

233 2297 408 2376 scriptorum
422 2315 539 2376 genere.
569 2295 707 2356 Comicus
721 2295 810 2374 polita
824 2294 880 2354 tuit
893 2293 1029 2354 Plautus.
1060 2293 1216 2354 eouoedts
1229 2303 1330 2354 anum

233 2401 280 2450 est
292 2395 398 2470 ροὲιοο
413 2392 591 2470 δραματικὸν,
606 2391 664 2450 hoc
677 2401 735 2462 est,
747 2389 892 2468 expositio
906 2409 1073 2462 numerosa,
1087 2388 1119 2450 id
1132 2399 1189 2463 est,
1202 2389 1331 2450 ommino

232 2486 453 2565 comprehensa,
475 2499 506 2548 st
526 2489 556 2547 in
579 2488 726 2548 actionem
750 2487 903 2567 implicita,
925 2507 979 2548 ssu
999 2486 1109 2548 collata
1129 2486 1160 2546 in
1173 2503 1331 2566 monas,

234 2583 399 2662 argumenti
414 2583 483 2654 ficti,
506 2583 543 2644 de
558 2585 655 2656 rebus,
669 2584 798 2655 casibus,
813 2582 939 2662 negotiis
954 2583 1087 2644 sumtise
1101 2581 1161 2644 rita
1171 2583 1334 2654 commoni,

233 2687 264 2738 et
285 2679 370 2758 quasi
394 2679 574 2758 quotidianis
595 2679 720 2742 eventis.
764 2677 830 2738 Hoc
853 2678 990 2738 carminis
1012 2696 1107 2758 genus
1121 2677 1158 2738 da
1171 2677 1334 2756 rrugoedis

233 2773 327 2846 fluxit,
348 2785 382 2834 ut
406 2775 546 2836 Horatius
570 2775 683 2847 docuit,
705 2775 756 2855 qui
780 2774 911 2856 Thespio
933 2773 1004 2836 dicit
1025 2773 1174 2836 invenisse
1194 2773 1331 2853 ignotum

235 2888 328 2946 genus
343 2871 462 2950 tragicos
476 2891 589 2934 mnsoe:
612 2881 701 2951 atque
713 2869 814 2930 addit:

353 3027 362 3056 ‘
375 3023 526 3082 Successit
539 3033 623 3081 vetus
637 3021 682 3082 his
698 3021 851 3084 Comoedia
865 3043 925 3084 non
941 3023 1003 3084 sine
1017 3021 1111 3083 multa

373 3115 494 3176 Laude.'

235 3259 323 3318 Initia
346 3261 445 3320 autem
469 3259 561 3320 fuisse
583 3261 744 3322 admodum
768 3283 860 3343 parra
879 3273 911 3322 et
931 3261 1027 3334 rudia,
1049 3279 1116 3322 cum
1130 3259 1247 3334 hilares,
1262 3271 1332 3340 post

231 3355 349 3416 labores
363 3365 494 3428 exactos,
516 3357 620 3418 diebus
634 3357 718 3418 festis
733 3360 922 3420 concinerent
935 3357 1058 3438 aliquid,
1082 3369 1118 3437 eq
1127 3356 1187 3428 alii,
1206 3366 1236 3416 et
1249 3355 1330 3418 idem

235 3451 376 3513 Horatius
390 3453 420 3512 in
436 3454 570 3532 Epistola
583 3455 621 3515 ad
636 3457 802 3535 Augustum
818 3456 961 3536 perhibet,
981 3455 1032 3513 ubi
1048 3453 1129 3525 dicit,
1150 3453 1188 3512 alt
1201 3451 1331 3512 innoxiis

230 3549 306 3628 jocis
320 3547 483 3609 libertatem
497 3549 575 3610 hauc
589 3551 628 3611 ed
641 3551 852 3612 intolerabilem
874 3551 1021 3612 namnum
1041 3559 1211 3631 provectam
1224 3548 1329 3610 tuisse.

235 3645 293 3714 Qui
316 3646 427 3724 primns
450 3657 547 3706 autem
563 3648 745 3708 Comoediam
767 3648 925 3728 scripserit,
948 3666 1009 3707 non
1028 3655 1157 3707 constat.
1199 3645 1234 3704 ln
1253 3643 1330 3704 libro

235 3741 286 3821 qui
305 3741 455 3802 Aristoteli
477 3743 645 3804 inscribitur
669 3744 707 3805 de
731 3744 863 3819 Poenus,
885 3744 960 3804 inter
975 3743 1033 3803 alia
1045 3753 1076 3802 et
1088 3741 1155 3800 herc
1169 3740 1331 3818 leguntur:

236 3839 353 3900 Siculos
375 3839 430 3898 sibi
453 3839 609 3900 vendicare
630 3841 778 3900 inventum
795 3839 967 3910 Comoedim,
992 3838 1085 3898 fuisse
1097 3837 1175 3896 enim
1191 3835 1334 3914 Epichar-

235 3952 314 3992 mum
330 3944 398 3994 ante
414 3935 599 3996 Chonnidem
613 3946 644 3997 et
657 3936 828 4016 Magnetem
842 3954 850 3996 τ
869 3944 900 3996 et
918 3935 960 3994 uti
974 3933 1102 3994 nominis
1116 3950 1235 4011 quoqne
1247 3931 1332 3992 murt·

234 4029 344 4089 monio.
387 4031 461 4090 Esse
474 4031 551 4092 enim
564 4042 643 4094 certe
656 4032 840 4094 Commdiam
852 4049 913 4092 non
935 4033 992 4092 dard
1006 4041 1056 4092 mo
1069 4031 1171 4106 κώμου,
1196 4025 1253 4088 sed
1271 4027 1330 4087 hurd

234 4135 290 4186 ror
304 4136 410 4203 κωμῶν,
431 4126 462 4186 id
476 4137 530 4202 est,
545 4147 604 4188 uon
619 4129 657 4190 de
670 4129 815 4191 hilaritate
836 4142 866 4190 et
885 4125 1077 4200 exultatione,
1102 4123 1157 4186 sed
1181 4121 1220 4183 de
1242 4123 1332 4202 pagis
