3012 4892
351 955 1228 1106 PROLEGOMENA.

636 1257 944 1272 m

484 1527 603 1593 PUB.
641 1523 919 1594 TERENTII
961 1525 1092 1590 AFRl

570 1711 903 1762 caurfflotnlunsts
923 1709 1017 1761 VITA.

525 1901 654 1960 Auctore
682 1900 760 1961 AElio
789 1899 907 1960 Donato
936 1900 972 1957 V.
998 1898 1055 1958 C.'

246 2015 606 2098 Punnrus‘l'nasurrus
616 2037 718 2108 Arna,
732 2035 913 2114 Cartbagine
927 2048 1025 2107 natus,
1040 2035 1157 2096 servivit
1167 2035 1271 2095 Romae
1280 2033 1339 2094 Te·

245 2133 340 2192 rentio
350 2133 468 2192 Lucano
479 2133 623 2200 senatori:
636 2151 722 2212 aquo
730 2133 768 2193 ob
778 2133 928 2210 ingenium
937 2129 1107 2204 etsormam,
1117 2151 1176 2192 non
1185 2130 1337 2190 institutus

246 2228 336 2288 modo
350 2229 517 2301 liberaliter,
532 2229 586 2290 sed
600 2239 631 2289 et
643 2239 756 2289 mature
770 2229 969 2288 manumissus
983 2239 1039 2288 est.
1075 2227 1204 2296 Quidam
1218 2235 1338 2306 coptum

246 2343 313 2384 esse
324 2325 507 2390 existiment:
524 2324 604 2404 quod
618 2323 681 2383 lieri
693 2322 777 2382 nullo
790 2322 878 2382 modo
891 2323 1034 2402 poluisse,
1051 2322 1218 2384 Fenestella
1231 2321 1337 2384 docet:

245 2440 314 2482 curn
329 2421 404 2480 inter
416 2421 504 2478 linem
519 2419 642 2480 secundi
664 2417 735 2478 belli
759 2415 875 2489 Punici,
895 2427 926 2476 et
949 2417 1063 2478 initium
1087 2417 1164 2478 tertii
1186 2425 1274 2476 natus
1289 2417 1337 2490 sit,

246 2523 278 2574 et
291 2524 440 2574 mortuns:
462 2531 527 2586 uec,
546 2513 571 2572 si
585 2533 603 2572 a
617 2511 755 2572 Numidis
770 2520 822 2570 aut
836 2511 953 2572 Getulis
968 2519 1073 2592 eaptus
1088 2511 1136 2583 sil,
1157 2509 1196 2572 ad
1210 2510 1315 2570 ducem
1324 2513 1339 2542 ¹

248 2609 413 2668 Romanum
433 2608 582 2688 pervenire
602 2609 756 2687 potuisset,
778 2605 860 2666 nullo
882 2608 1055 2668 commercio
1078 2607 1153 2667 inter
1175 2605 1293 2666 Italicos
1307 2615 1339 2665 et

213 2733 215 2740 v
246 2703 345 2775 Altos,
366 2703 423 2764 nisi
446 2713 516 2783 post
536 2702 664 2762 deletam
688 2702 909 2780 Carthaginem,
931 2713 1040 2782 coepto.
1082 2701 1139 2762 Hie
1156 2719 1223 2761 cum
1236 2700 1338 2760 mullis

245 2799 391 2860 nobilibus
407 2799 584 2860 familiariter
598 2799 679 2872 vixit,
700 2797 753 2858 sed
768 2797 894 2857 maxime
908 2817 974 2857 eum
991 2797 1127 2876 Scipione
1142 2796 1290 2868 Africano,
1307 2806 1338 2856 et

247 2895 283 2954 C.
310 2895 420 2955 Laelios
441 2897 547 2974 quibus
572 2894 660 2954 eliam
680 2892 810 2972 corporis
833 2893 927 2972 gratia
948 2892 1122 2952 conciliatus
1146 2892 1337 2952 existimatur.

247 2989 336 3056 Quod
360 3001 390 3050 et
409 2992 506 3070 ipsum
531 2988 699 3050 Fenestella
721 2988 828 3068 arguit,
848 2987 1032 3048 contendens
1055 2998 1180 3068 utroque
1198 2985 1337 3066 majorem

243 3095 318 3152 natu
332 3085 434 3144 luisse.
477 3085 619 3154 Quemvis
642 3095 673 3143 et
695 3083 848 3144 Cornelius
872 3083 973 3162 Nepos
987 3084 1117 3163 equales
1132 3102 1233 3144 omnes
1247 3083 1339 3142 luisse

247 3179 355 3251 tradat,
376 3190 407 3239 et
427 3178 544 3240 Portius
567 3179 763 3259 suspicionem
785 3179 823 3240 de
842 3180 1057 3240 consuetudine
1072 3199 1125 3259 per
1144 3179 1209 3239 haee
1229 3177 1338 3238 iaciat:

329 3305 407 3364 Duru
421 3303 571 3364 lasciviam
587 3305 726 3365 nobilium
742 3317 772 3366 el
785 3307 903 3367 lucosas
918 3307 1020 3368 laudes
1034 3283 1129 3387 petit?

327 3401 405 3460 Dum
421 3400 551 3459 Africani
566 3420 636 3461 voce
651 3401 770 3460 divina³
785 3401 878 3462 inhiat
892 3403 985 3462 avidis
1001 3403 1136 3464 auribus:

329 3495 406 3554 Dum
420 3496 457 3554 ad
474 3496 591 3556 Furium
607 3517 638 3556 se
653 3497 814 3558 noenilare⁴
830 3509 861 3558 el
875 3499 1008 3573 Laelium,
1021 3499 1176 3578 pulchrum
1191 3509 1294 3578 putat:

329 3587 406 3649 Dum
424 3609 456 3650 se
470 3592 561 3650 amari
575 3593 612 3651 ab
626 3591 707 3652 hisee
721 3593 823 3668 credit,
837 3596 940 3654 erebro
954 3595 983 3653 in
997 3595 1143 3654 Albanum
1159 3595 1220 3674 rapi

281 3781 365 3832 tatii
374 3781 441 3831 hano
453 3781 541 3832 Vitam
555 3783 671 3834 tribuunt
681 3784 771 3834 Sueto·
817 3785 1023 3839 Voeemrliniann.
1056 3783 1340 3843 lllllooredinssnrtlil

245 3857 289 3908 nlo
300 3857 458 3922 Tranquillo.
475 3858 549 3910 Ζωι.
811 3864 862 3912 noel
887 3864 991 3922 divim
1016 3877 1124 3928 qnorum
1150 3863 1214 3912 illud
1236 3859 1339 3926 quidem

279 3935 296 3982 2
323 3932 425 3996 Ducem]
453 3933 580 3984 minimus
606 3933 721 3985 Gronov.
743 3941 773 3984 ut
813 3937 1105 3996 vitiosum-hostum
1118 3936 1269 4001 antiquioris
1287 3934 1340 3985 lor·

247 4009 475 4072 postulatserbum
491 4009 680 4060 ‘commercio'
697 4011 772 4060 Bolll.
812 4027 860 4062 mae
868 4013 1126 4075 interpretamentum
1135 4017 1184 4060 est.
1200 4011 1276 4060 Bell.

277 4083 293 4132 1
315 4083 343 4133 V.
352 4084 389 4146 n]
406 4083 458 4134 lilii
475 4085 564 4148 legunt
574 4086 773 4150 mansiolam,
844 4090 860 4136 t
879 4083 1218 4150 Coemlmwnmoipbrpur.
1229 4085 1267 4136 lu.
1288 4083 1340 4136 Qui

246 4159 316 4224 quod
323 4158 511 4223 preferendum
520 4175 575 4211 essa
583 4161 773 4212 uncturam.
813 4162 858 4214 dat
870 4164 937 4214 Das·
947 4177 973 4213 se
982 4165 1013 4213 nd
1024 4163 1124 4214 Furius
1134 4176 1233 4212 rmore.
