3012 4892
407 396 455 446 ou
478 395 681 446 rmumnrs
707 396 752 444 sr
775 397 967 448 conmori.
1191 383 1236 450 45

137 548 227 610 retur,
249 537 340 598 etiem
368 543 472 598 contre
491 537 665 618 prescripta
683 539 796 598 comice
814 540 982 600 meretrices
1006 535 1152 599 interdum
1174 557 1233 598 uon

136 635 232 696 mulus
245 632 450 694 introducere:
480 633 587 712 quibus
602 644 710 706 nmen,
725 653 778 693 cur
797 635 885 694 boote
902 635 973 706 siut,
987 645 1019 696 et
1031 633 1168 714 voluptas
1182 653 1236 714 per

135 730 377 808 ipsumetcsuse
390 727 545 790 condecit.
577 729 653 789 Hrec
662 749 730 790 cum
744 728 984 790 artificiosissime
995 729 1147 790 Terentius
1156 729 1235 790 sece-

136 825 188 884 rit:
201 833 266 884 tum
275 823 351 882 illud
359 833 406 884 est
414 823 752 908 edmimudum,quudet
761 842 870 884 murem
879 823 1234 895 retinuit,utComoediem

137 918 296 979 moeret:
325 929 357 978 et
378 919 550 999 temperarit
572 917 721 990 effectum,
744 937 782 978 ne
805 919 836 976 iu
858 919 1045 998 Tregoediem
1065 919 1234 980 transiliret.

138 1011 228 1082 Quod
241 1034 312 1074 cum
325 1015 389 1074 eliis
404 1015 490 1074 rebus
504 1015 623 1074 minime
635 1015 790 1074 obtentum
803 1024 862 1074 ete
875 1013 993 1088 Plauto,
1006 1025 1036 1076 et
1050 1016 1088 1075 eb
1101 1015 1233 1088 Aireuio,

137 1120 168 1170 et
181 1110 287 1182 Accio,
301 1120 333 1169 et
346 1108 446 1170 multis
464 1109 525 1170 iere
539 1109 657 1188 mugnis
670 1108 791 1169 comicis
806 1109 981 1169 invenimus.
1022 1109 1100 1168 Illud
1114 1129 1232 1189 quoque

136 1205 212 1266 iuter
224 1205 420 1265 Terentienes
433 1204 556 1264 virtuter
568 1203 710 1276 mirabile,
726 1201 808 1283 quod
827 1202 890 1281 ejus
905 1202 1013 1264 inbuite
1026 1221 1062 1264 eo
1077 1215 1147 1262 suut
1159 1213 1234 1264 tem·

137 1309 322 1379 peremento,
337 1309 371 1358 nt
383 1319 479 1378 neque
487 1309 693 1360 extumescunt
707 1296 745 1357 ed
759 1299 901 1376 ιηςὶοιῐιι
911 1298 1126 1370 celsitudinem,
1137 1317 1234 1378 neque

139 1395 316 1474 abjiciuntur
337 1393 377 1454 ed
397 1395 542 1454 mimicam
560 1394 710 1454 riiitetem.
753 1392 850 1464 Adde,
875 1393 956 1472 quod
979 1394 1052 1454 nihil
1066 1396 1234 1455 abstrusum

139 1491 369 1568 sbeopunitur:
390 1489 530 1569 autquud
541 1491 579 1548 sb
589 1490 733 1550 historicis
744 1489 949 1569 requirendum
961 1491 1016 1550 sit:
1033 1490 1114 1570 quod
1124 1492 1234 1571 smpiut

138 1583 265 1645 Plautus
279 1585 361 1657 iecit,
375 1595 405 1644 et
418 1604 454 1644 cu
473 1595 521 1644 est
534 1584 686 1646 obscurior
705 1585 734 1644 iu
756 1584 888 1664 pluribus
907 1585 990 1648 locis.
1031 1587 1129 1661 Adde,
1153 1587 1235 1666 quod

139 1680 305 1760 argumenti
319 1697 355 1739 nc
369 1677 438 1759 styli
451 1679 493 1740 itu
505 1689 617 1741 attente
631 1699 740 1740 memor
753 1690 810 1752 est,
824 1691 858 1741 ut
874 1701 1020 1761 nusquam
1035 1701 1095 1743 nou
1115 1683 1235 1755 severit,

139 1786 191 1838 sut
202 1776 375 1838 comrerit⁹
395 1794 441 1846 es,
454 1795 522 1855 qum
535 1777 640 1836 obesse
654 1787 830 1855 putuerunt:
851 1787 914 1836 tum
927 1773 1007 1858 quod
1022 1779 1121 1838 medie
1133 1778 1234 1858 primis

140 1885 229 1952 seque
243 1872 399 1952 postremis
423 1872 466 1932 ite
487 1873 600 1944 nexuit,
619 1881 652 1932 ut
665 1872 738 1932 nihil
760 1871 893 1932 edditum
908 1872 1002 1946 elteri,
1016 1873 1070 1936 sed
1083 1885 1184 1952 aptum
1197 1895 1234 1936 ex

140 1981 293 2040 retusum,
307 1979 339 2028 et
359 1987 419 2028 nno
443 1987 565 2049 corpore
578 1967 712 2028 rideetur
733 1987 799 2028 esse
821 1969 1025 2047 compositum.
1067 1969 1146 2030 Illud
1160 1991 1235 2050 quo·

140 2085 196 2144 que
209 2063 343 2124 mirebile
356 2063 386 2122 iu
399 2082 435 2122 eu
449 2063 553 2141 primu,
573 2061 655 2141 quod
678 2081 739 2120 uon
760 2063 802 2122 ite
825 2061 931 2122 miscet
943 2081 1084 2142 personne
1098 2074 1234 2142 quotuor,

140 2169 173 2220 ut
185 2160 314 2220 mure
327 2158 478 2220 siteurum
500 2156 661 2218 distinctio.
705 2157 742 2216 Et
764 2157 832 2218 item
845 2157 925 2236 quod
947 2158 1018 2218 nihil
1033 2158 1072 2218 ed
1093 2159 1235 2238 populum

140 2255 211 2316 iecit
224 2263 366 2328 actorem,
380 2253 461 2314 reiut
473 2274 511 2314 ex
525 2253 679 2334 tregoedic,
703 2253 802 2332 loqui:
823 2253 904 2332 quod
927 2253 1030 2314 vitium
1053 2254 1152 2316 Pleuti
1175 2255 1234 2316 fre·

140 2349 367 2430 quentissimum
380 2359 434 2409 eet
478 2349 557 2408 illud
585 2349 674 2408 etism
696 2348 771 2406 iuter
791 2357 891 2408 cetere
913 2347 978 2426 ejus
999 2347 1088 2408 leude
1112 2348 1235 2428 dignum

140 2445 266 2519 ridetur,
278 2444 360 2524 quod
374 2444 567 2524 locupletiore
587 2454 761 2523 srgumeute
782 2463 820 2503 ex
833 2441 999 2524 duplicibus
1012 2443 1140 2522 negotiis
1154 2443 1236 2504 dele*

141 2541 216 2622 gerit
228 2539 269 2600 ed
283 2539 482 2600 scribendum.
523 2541 747 2619 Num,escepte
769 2539 896 2619 Hecyra,
918 2540 947 2598 in
960 2539 1123 2618 quuuuius
1146 2540 1236 2599 Pem-

141 2637 214 2717 phili
227 2655 312 2696 umor
325 2643 381 2707 est,
392 2643 499 2696 ceteree
513 2634 643 2714 quinque
656 2635 741 2694 binos
755 2633 993 2695 adulescentulos
1007 2634 1128 2696 hebent.
1157 2635 1236 2695 illud

141 2751 210 2792 vero
223 2729 385 2791 tenendum
400 2739 456 2802 est,
469 2739 538 2809 post
553 2735 622 2789 rtur
638 2727 799 2810 Koupliuv
817 2729 938 2790 Latium
952 2730 1045 2788 multu
1059 2729 1237 2789 Febulurum

143 2839 253 2909 genere
266 2824 442 2904 protulisse:
463 2836 498 2884 ut
510 2835 640 2905 togatus,
650 2844 669 2884 s
679 2823 803 2884 scenicis
814 2833 903 2900 etque
911 2823 1090 2902 argumentis
1106 2822 1235 2884 Leucis:

141 2929 344 3004 pretextatus,
358 2921 396 2980 eb
410 2919 554 2998 dignitate
567 2939 770 3001 personarum,
788 2927 819 2978 et
832 2917 938 2977 Letinu
950 2916 1090 2978 historie:
1111 2917 1237 2978 Attelle·

142 3037 209 3090 uss,
220 3015 367 3076 sciuitste
381 3016 564 3096 Campeniae,
574 3017 625 3075 ubi
636 3016 766 3076 ectitutoe
776 3025 846 3074 suut
854 3013 1006 3094 plurimse:
1022 3013 1236 3094 Rhyutunices,

143 3115 180 3174 sb
194 3112 304 3172 actoris
317 3111 453 3172 nomines
475 3111 666 3184 tuberuuriee,
680 3112 717 3171 eb
737 3109 902 3170 humilitate
923 3107 1088 3187 argumenti
1102 3117 1134 3168 et
1146 3107 1236 3194 styli:

142 3209 259 3278 mimos,
275 3208 313 3267 eb
327 3206 464 3266 diuturne
478 3205 641 3268 imitatione
656 3207 755 3266 silium
766 3223 862 3266 rerum
870 3211 906 3264 'et
920 3203 1026 3264 leuium
1035 3221 1237 3283 personarum.

143 3305 224 3364 luter
237 3300 425 3382 Trsgoedism
439 3311 538 3362 eutem
552 3312 583 3362 et
596 3301 781 3364 Comoedinm
794 3319 862 3362 cum
885 3299 988 3372 multu,
1009 3309 1072 3360 tum
1091 3299 1121 3358 iu
1135 3300 1237 3378 primis

142 3399 201 3460 hoc
214 3395 328 3458 distet:
350 3396 431 3475 quod
445 3398 475 3456 iu
489 3398 643 3460 Comoedin
655 3397 819 3460 mediocres
833 3397 959 3456 iortuum
980 3395 1140 3466 hominum,
1155 3395 1237 3476 perri

143 3491 496 3574 inpetuspericulaque,
517 3493 638 3573 lectique
662 3503 733 3554 suut
753 3493 848 3554 esitus
870 3491 1028 3552 munuum.
1069 3491 1151 3550 Atio
1165 3489 1239 3549 Tre»

144 3587 254 3669 goediu,
267 3587 368 3647 omnia
388 3587 545 3660 contrarie,
565 3589 701 3668 ingentes
723 3606 867 3666 persuum
881 3585 980 3665 megui
999 3585 1127 3656 timores,
1140 3584 1237 3644 exitus

143 3683 252 3746 funesti
273 3681 430 3741 habentur.
487 3683 523 3742 Et
545 3681 605 3742 illic
630 3680 798 3744 turbulente
819 3682 922 3760 prime,
945 3677 1102 3760 tranquille
1124 3677 1237 3738 ultime.

144 3781 179 3840 lu
203 3777 364 3858 Tragoedia
388 3777 534 3838 contrario
556 3775 657 3838 ordine
679 3795 725 3838 res
749 3787 888 3856 eguntur.
929 3776 1004 3834 Tum
1018 3772 1098 3852 quod
1121 3773 1152 3830 in
1165 3771 1238 3832 Tre·

145 3875 255 3957 godin,
269 3871 413 3952 fugiende
423 3872 501 3940 rite:
523 3872 553 3931 iu
570 3871 733 3942 Comoedia,
746 3870 930 3952 cupesseude
945 3867 1122 3948 exprimitur.
1164 3865 1239 3926 Pos-

146 3983 248 4042 tremo,
264 3967 346 4049 quud
360 3967 455 4028 omnis
469 3967 622 4030 Concedit
643 3967 681 4027 de
703 3967 779 4027 fictis
799 3975 847 4026 est
863 3962 1062 4044 argumentis:
1083 3961 1240 4042 Tregoedie

176 4183 194 4227 t
219 4180 278 4230 Nos
287 4177 390 4240 mund,
399 4179 441 4228 est
452 4174 580 4238 munit]
604 4175 654 4226 llis.
663 4177 733 4227 Dsn.
744 4189 792 4226 sse
801 4179 843 4224 eut
854 4171 953 4237 murit,
963 4175 1005 4222 est
1015 4169 1142 4222 mouerit.
1154 4167 1196 4221 ld.
