2958 4892
271 362 336 428 174
576 377 790 426 sotcnrnus
813 374 1063 426 enumeratus

272 522 417 600 cormptis
440 519 591 600 exemplis,
612 531 644 580 et
662 522 691 579 in
717 520 846 578 metrice
865 537 1052 598 nequaqnam
1066 517 1172 580 exacta
1184 521 1363 600 cognitum,

272 617 345 676 nibil
368 635 500 688 necesse,
523 616 570 676 vol
593 617 692 696 potius
716 615 892 674 curiositatis
917 615 975 674 boc
996 615 1094 687 luerit,
1113 615 1248 676 οιὶοιιοιι
1263 617 1364 676 admo·

272 713 344 792 dum
357 712 514 772 liberaliter
528 711 686 772 abutentis.
728 710 863 770 Conium
883 709 1014 788 quidem,
1037 710 1144 783 idest,
1167 719 1365 792 συγκεχυμένα
1469 719 1470 768 ζ

272 813 360 886 μέτρα
373 806 498 886 plurima
511 825 578 866 sese
592 805 719 866 offerunt
740 805 849 884 passim
872 816 934 864 tam
956 805 987 864 in
1013 805 1131 876 Plauto,
1155 825 1244 885 qnam
1258 809 1366 868 Teren·

273 903 335 962 tio:
364 904 394 962 in
418 904 524 982 quibus
546 902 659 961 iambus
686 910 717 960 et
741 901 898 972 trochaeus,
923 911 954 960 et
977 899 1027 970 alii
1048 901 1140 979 pedes
1165 901 1364 982 ingredientes
1469 935 1470 942 ι

272 999 338 1058 heac
351 1009 454 1068 metra,
474 998 657 1058 collocantur
670 997 847 1077 promiscue.
889 995 978 1065 Quod
994 1007 1091 1056 antem
1106 996 1145 1057 ad
1159 1003 1324 1072 ιιιταλὴεειι
1337 1009 1366 1059 et
1469 1043 1470 1050 ι

273 1094 531 1175 βραχνιαταλήεειε
544 1104 575 1154 et
596 1095 823 1172 ὑπερκαταλήξεις
847 1094 962 1167 attinet,
984 1092 1023 1153 de
1046 1112 1082 1152 eo
1105 1094 1200 1172 magis
1221 1094 1366 1173 suspicari

273 1209 442 1270 possumus,
463 1195 554 1270 qnam
573 1189 644 1250 certi
666 1190 778 1270 aliquid
800 1189 1011 1250 demonstrare.
1052 1189 1111 1256 Qui
1132 1199 1231 1248 tamen
1253 1193 1365 1270 cogita
1469 1199 1470 1272 j

272 1287 353 1348 tione
367 1305 425 1346 non
441 1285 575 1346 illiberali
588 1285 634 1345 his
647 1284 685 1344 de
699 1287 787 1345 rebus
802 1304 867 1344 sese
881 1303 1026 1365 occupare
1036 1285 1191 1357 voluerint,
1206 1287 1226 1344 ii
1240 1287 1365 1366 primum
1469 1319 1470 1338 ι

274 1380 313 1440 nd
337 1381 503 1462 exemplum
530 1377 649 1461 aliquod
676 1381 817 1442 rationem
841 1400 1027 1442 numerorum
1053 1383 1083 1440 in
1108 1382 1242 1442 versibus
1266 1384 1366 1443 conle-

275 1485 350 1550 rent,
370 1485 402 1536 et
424 1477 466 1536 ita
490 1475 689 1536 informabunt
712 1477 809 1538 animo
831 1479 1076 1558 qualemcumque
1089 1478 1238 1538 notionem
1253 1477 1367 1541 horum.
1469 1491 1470 1504 ¹

275 1571 408 1632 Ponetur
421 1571 583 1652 igiturboc.
618 1572 763 1633 Numeros
774 1592 841 1634 esse
851 1584 936 1652 aptos
945 1574 1089 1654 quosdam
1102 1585 1133 1634 et
1146 1573 1366 1645 determinatos,

275 1677 306 1728 et
320 1676 537 1728 consentaneos
562 1686 651 1728 sonos
674 1669 753 1728 vocis
780 1669 926 1730 humanm.
970 1669 1009 1728 lli
1028 1689 1096 1730 cum
1110 1657 1151 1728 ‘in
1165 1688 1238 1729 voce
1262 1683 1368 1730 natura
1469 1699 1470 1712 ι

274 1763 377 1837 insint,
398 1765 428 1822 in
451 1763 584 1824 oratione
597 1783 715 1842 qnoque
730 1764 828 1824 inesse
850 1775 976 1844 oportet.
1018 1763 1089 1838 Sed,
1112 1783 1179 1824 cnm
1198 1765 1286 1826 abest
1299 1786 1368 1826 eura

275 1861 508 1941 compositionis,
522 1871 553 1920 et
566 1881 613 1922 ars
627 1859 764 1940 quoedam
779 1861 869 1922 veluti
888 1873 1055 1936 structurae,
1075 1861 1162 1922 facile
1181 1861 1223 1922 illi
1235 1873 1268 1922 et
1283 1862 1369 1924 dissi·
1469 1869 1470 1872 ’

275 1965 384 2035 pnntnr
407 1966 438 2028 et
458 1955 644 2016 delitescunt.
687 1958 784 2036 Atque
803 1957 860 2018 boc
884 1957 1025 2036 estquod
1043 1956 1218 2018 Aristoteles
1231 1961 1369 2036 polimeta

274 2061 382 2132 suapte
397 2061 502 2132 sponte
517 2053 660 2126 extitisse,
679 2063 710 2113 et
722 2053 843 2114 fortuito
856 2053 1000 2134 prodiisse
1014 2054 1066 2125 ait,
1087 2055 1149 2132 ipse
1163 2053 1368 2135 αὐτοσχεδιάσ-

276 2171 353 2227 purn
367 2160 464 2208 vocat.
507 2147 582 2208 llaec
595 2145 779 2209 concinnitas
794 2148 932 2228 quaedam
950 2149 980 2208 in
994 2147 1129 2209 omnibns
1151 2148 1261 2228 linguis
1286 2170 1368 2228 repe·

275 2244 359 2315 ritur,
374 2243 413 2302 ad
427 2263 514 2322 qnam
528 2243 640 2304 aurium
655 2245 860 2304 observatione
875 2243 1015 2317 adhibita,
1036 2261 1136 2304 versut
1150 2245 1256 2316 extitit,
1270 2245 1368 2306 elabo-

274 2349 358 2399 ratus
374 2335 472 2400 studio
496 2349 526 2399 et
539 2349 601 2400 arte
626 2339 844 2419 ingeniosorum
868 2349 898 2400 et
912 2339 1065 2401 doctorum
1084 2341 1246 2412 hominum,
1260 2352 1292 2401 et
1305 2362 1370 2421 pro·

279 2454 367 2494 censu
382 2445 544 2513 temporum
557 2438 599 2498 ita
613 2455 667 2496 suo
681 2437 805 2515 quisque
825 2438 854 2495 in
870 2457 976 2516 genere
995 2439 1155 2517 perlectus,
1177 2447 1211 2496 ut
1224 2437 1296 2496 nihil
1309 2439 1368 2497 lieri

277 2530 444 2609 elegantius
459 2551 554 2610 neque
577 2531 739 2610 pulchrius,
765 2545 816 2591 aut
836 2533 931 2612 magis
945 2553 1084 2593 sonorum
1097 2542 1209 2612 posset.
1250 2532 1368 2594 Potest-

277 2643 336 2704 que
350 2623 388 2686 de
403 2625 511 2684 nostris
527 2625 690 2686 vernaculis
704 2627 859 2687 cantilenis
874 2627 962 2686 etiam
982 2628 1081 2707 aliquo
1103 2628 1192 2688 modo
1215 2628 1274 2689 hoc
1298 2649 1368 2709 cog-

277 2717 372 2792 nosci,
386 2711 552 2798 utqnamris
576 2721 650 2782 torte
672 2721 729 2780 hoc
751 2722 882 2801 ineptum
898 2722 1040 2796 videatur,
1063 2724 1116 2784 sed
1131 2724 1160 2782 in
1174 2723 1283 2784 docere
1297 2725 1369 2785 tide·

277 2811 344 2873 liter
356 2815 493 2894 cupiente
507 2816 578 2876 nibil
601 2817 744 2897 ineptum,
768 2819 794 2878 si
817 2819 1004 2880 conseramus
1022 2819 1087 2880 btec
1109 2821 1253 2880 nostratia
1266 2821 1305 2880 ad
1319 2821 1370 2880 illa

275 2909 411 2978 eruditar
432 2929 530 2970 nonne
547 2913 576 2972 in
591 2913 637 2972 liis
652 2914 783 2974 similiter
797 2915 1009 2990 desinentibus,
1033 2937 1100 2994 quse
1114 2925 1246 2977 nostrum
1262 2917 1368 2996 vulgus

278 3004 429 3086 rhythmos
444 3007 584 3088 appellat,
599 3008 710 3088 aliquid
735 3009 866 3069 iambicis
881 3011 1002 3070 senariis
1019 3012 1111 3072 simile
1126 3012 1320 3090 agnoscitur?
1340 3024 1370 3074 et

277 3099 308 3158 in
322 3101 419 3160 modis
432 3101 613 3174 chorearum,
628 3104 712 3182 quasi
736 3109 948 3185 anapesticum
961 3117 1007 3168 eet
1025 3118 1056 3168 et
1078 3109 1244 3188 paeonicum
1266 3111 1369 3170 melos.

279 3193 340 3253 Sed
353 3195 428 3254 etin
443 3197 541 3257 soluta
552 3199 682 3260 oratione
691 3200 843 3280 diligentia
856 3224 935 3263 nunc
948 3203 1115 3278 multorum,
1131 3217 1267 3266 accurate
1281 3209 1370 3266 rerba

279 3307 471 3369 componens,
492 3294 622 3374 ῥύθμουε,
643 3297 693 3374 qni
715 3307 785 3356 sunt
806 3299 928 3371 numeri,
955 3301 1055 3361 efficit.
1105 3301 1193 3362 Certo
1219 3313 1318 3362 nutem
1340 3315 1370 3362 et

277 3385 366 3464 plane
389 3387 545 3448 ostendere
567 3391 675 3462 omnia,
699 3391 731 3450 id
751 3411 818 3453 esse
837 3393 979 3473 ejusmodi
1001 3406 1074 3475 puto
1091 3408 1126 3457 ut
1151 3397 1213 3456 fieri
1231 3409 1369 3476 nequeat,

278 3482 525 3560 quemadmodum
545 3487 617 3546 etin
632 3487 708 3561 aliis,
721 3509 788 3568 quoe
801 3509 857 3550 usu
872 3491 987 3569 perdite
1006 3492 1134 3564 luerunt,
1150 3493 1326 3553 instauratio
1340 3505 1370 3554 et

278 3579 425 3639 restitutio
443 3581 580 3642 absoluta
593 3582 779 3663 desperanda
791 3595 848 3645 est.
891 3583 986 3647 Citius
1000 3589 1075 3648 enim
1091 3589 1161 3648 mibi
1176 3589 1282 3668 aliquis
1296 3589 1369 3648 illud

279 3675 459 3736 Hesiodeum
468 3679 632 3756 planstrum
642 3681 787 3760 lignorum
797 3692 916 3743 centum
925 3687 1135 3756 construxerit,
1145 3705 1235 3765 quem
1249 3707 1369 3746 scenam

277 3770 335 3832 boc
360 3783 490 3854 tempore
514 3775 696 3855 explicuerit,
719 3779 854 3839 omnibus
876 3782 1008 3859 partibus
1032 3793 1063 3842 et
1084 3783 1211 3842 numeris
1235 3785 1308 3856 suis,
1338 3793 1371 3842 ut

278 3867 398 3942 dicitur,
412 3869 587 3931 absolutam.
631 3873 696 3933 Hoc
711 3881 808 3934 tamen
824 3873 945 3937 dubium
961 3896 1019 3936 non
1034 3889 1090 3950 est,
1105 3877 1134 3936 in
1146 3878 1257 3956 linguae
1271 3879 1371 3958 cujus·

278 3983 336 4042 que
345 3985 402 4024 usu
410 3967 672 4039 communi,barum
682 3989 776 4030 rerum
786 3971 928 4032 rationem
938 3973 1109 4046 consistere,
1119 3993 1178 4053 quo
1190 3974 1371 4035 labefactata)

279 4071 331 4118 aut
345 4060 464 4132 emisso,
479 4061 529 4120 illa
543 4081 659 4142 quoque
681 4065 799 4125 vacillet
811 4075 898 4144 atque
913 4069 1121 4142 confundatur,
1135 4071 1181 4130 vel
1197 4071 1295 4149 potius
1310 4091 1371 4130 non

276 4153 374 4232 magis
389 4165 539 4235 appareat,
564 4177 687 4220 necesse
701 4170 757 4221 est.
799 4163 853 4222 Est
867 4173 965 4226 autem
986 4165 1016 4226 in
1042 4169 1120 4226 omni
1143 4187 1250 4248 genere
1265 4169 1371 4228 carmi·
