2958 4892
461 407 509 458 nn
526 395 673 458 *narare
695 409 854 459 oonrrcrs.
1138 397 1202 464 227

117 545 183 607 dum
197 545 316 627 quidem
328 549 359 608 in
372 545 468 609 verbis
489 549 577 628 hujus
597 549 700 610 formas
722 549 842 612 dubium
864 561 920 626 est,
943 561 1039 612 utrum
1058 545 1151 632 prima
1164 573 1202 614 an

118 643 216 704 ultima
237 644 275 704 sit
294 649 361 723 quae
382 663 435 724 pro
458 645 757 725 correptababcatur,
771 657 805 707 nt
828 647 870 719 in,
890 649 1007 727 expedi,
1031 649 1200 730 centuplex,

117 738 249 816 perdidit,
260 743 317 800 dre.

156 835 255 906 Sexto,
269 835 297 894 in
318 835 509 916 polysyllabis
524 836 647 916 syllaba,
662 857 730 916 quoe
753 848 870 896 acutam
893 841 1021 916 proxime
1048 841 1200 918 praecedit,

120 947 195 1008 soepc
208 931 370 1012 corripitur,
385 931 440 992 etsi
460 951 518 991 non
534 931 679 1010 positione
693 931 792 1004 modo,
807 933 860 992 scd
884 944 914 993 ct
934 935 1028 994 vocali
1050 935 1139 1016 longa
1155 939 1202 1011 sit,

119 1026 143 1084 ri
155 1043 255 1085 eorum
269 1047 336 1106 qum
350 1028 387 1088 de
402 1039 525 1088 accentu
540 1028 621 1087 dicta
634 1039 713 1100 sunt,
726 1040 759 1087 ut
773 1029 802 1087 in

195 1161 350 1233 argentum
430 1156 625 1215 ministremus
716 1156 871 1217 voluntaris
974 1159 1162 1238 supellectilis

195 1256 316 1312 danatus
428 1259 616 1332 magistratus
714 1253 871 1330 voluptatis
975 1254 1125 1316 cicatrices

195 1345 393 1406 Alexandrum
432 1347 605 1426 pugillatum
715 1349 876 1408 venllstatis
977 1350 1130 1410 obedirent

197 1444 374 1520 gubernator
434 1442 587 1522 potestatis
715 1445 874 1506 senectutis
977 1445 1128 1506 videbator

981 1543 1164 1603 verebamini.

159 1653 283 1713 Plautus
308 1651 364 1711 bac
388 1649 507 1711 licentia
528 1667 602 1709 usus
629 1661 676 1712 est
703 1651 790 1712 etiem
813 1672 880 1712 curn
903 1651 1046 1731 syllabam
1069 1653 1206 1733 producit

123 1747 330 1830 diphthongus,
343 1757 377 1805 ut
394 1747 435 1820 in,
449 1743 558 1805 audivi.
580 1745 615 1804 ln
630 1747 779 1806 nonnullis
793 1747 892 1822 etiam,
908 1767 975 1809 curn
989 1747 1104 1829 syllaba
1117 1761 1205 1810 acuta

122 1843 284 1914 haesisset,
298 1860 335 1900 ea
347 1860 415 1919 quaa
439 1840 519 1899 illam
543 1840 674 1920 proxime
698 1842 848 1920 praecedit,
862 1843 917 1904 etsi
931 1845 1025 1904 vocali
1040 1845 1129 1924 longa
1143 1845 1205 1904 ani·

123 1949 206 2011 mata,
219 1946 319 1998 tamen
333 1935 495 2016 corripitur,
508 1935 594 2007 utin,
606 1935 733 1996 amicitia
745 1949 775 1997 ct
788 1937 940 2016 pudicitia.

161 2035 302 2114 Septimo,
317 2033 346 2092 in
368 2031 518 2112 quibusvis
539 2033 635 2092 verbis
649 2031 781 2092 vocalem
797 2033 916 2112 longana
932 2034 977 2094 vel
989 2034 1205 2116 diphthongum

122 2129 236 2190 finalem
254 2138 393 2207 sequente
406 2129 501 2186 vocali
513 2127 684 2206 corripiunt,
698 2139 728 2188 et
741 2147 794 2206 pro
808 2129 926 2189 arbitrio
940 2131 1097 2210 negligunt
1111 2131 1205 2211 longi·

123 2224 252 2286 tudinem
266 2223 457 2304 expositione
468 2223 532 2283 sola
545 2237 639 2283 ortam
651 2243 660 2290 ς
682 2233 713 2282 et
725 2224 846 2302 quasvis
860 2225 989 2304 syllabas
1003 2243 1056 2304 pro
1069 2227 1206 2286 brevibus

122 2319 239 2394 babent,
263 2339 387 2400 quarum
400 2317 512 2379 vocalis
536 2318 633 2378 brevis
657 2331 714 2392 est,
739 2319 883 2398 siquidem
907 2331 1046 2381 accentus
1070 2341 1129 2380 non
1156 2339 1206 2380 eas

123 2415 264 2476 intendat.
314 2415 438 2476 Plautus
465 2412 584 2494 quidem
610 2413 706 2494 ipsam
729 2425 846 2474 acutam
860 2433 976 2496 quoque
1003 2416 1034 2474 in
1058 2415 1206 2477 nonnullis

122 2511 269 2592 corripuit,
281 2521 317 2572 ut
329 2510 358 2570 in

200 2623 321 2684 dedisse
450 2619 593 2682 modeste
712 2623 854 2684 fenestras
974 2623 1126 2704 Philippus

199 2739 323 2780 necesse
450 2717 574 2788 sceleste
712 2719 838 2798 papillas
974 2719 1120 2798 Philippei

198 2815 300 2877 libello
448 2814 579 2895 puellam
719 2814 844 2892 sagittas
979 2813 1137 2874 sinistram.

161 2943 314 3004 Terentius
328 2961 396 3004 vero
410 2959 567 3021 nusquam,
581 2937 662 3020 qnod
678 2939 779 3012 sciam,
793 2937 850 2998 nisi
862 2940 903 3014 in,
916 2939 1032 3000 tametsi
1046 2949 1077 3000 et
1090 2939 1208 3012 larilloe,

123 3039 239 3118 quasin
254 3037 335 3118 volgi
348 3057 465 3117 quoque
479 3055 529 3096 ore
539 3036 644 3115 corripi
659 3037 752 3097 solere
763 3035 901 3096 credibile
914 3047 980 3096 est:
1001 3037 1081 3116 quod
1096 3036 1133 3096 de
1144 3035 1209 3096 aliis

122 3136 209 3194 etiam
220 3133 375 3194 maximam
389 3143 500 3214 partem
514 3130 672 3192 dicendum
686 3131 817 3192 arbitror.

162 3231 288 3304 Octavo,
300 3231 331 3291 in
346 3249 436 3289 unam
449 3228 610 3308 sepissime
623 3228 801 3288 contrahunt
818 3227 947 3308 syllabas
961 3227 991 3288 in
1013 3228 1119 3308 quibus
1141 3227 1209 3288 duoe

122 3327 234 3405 qumvis
247 3325 366 3388 vocales
380 3336 569 3398 concurrunt,
582 3336 617 3385 ut

242 3455 271 3514 ai
284 3455 325 3526 in,
336 3452 385 3512 ain
542 3451 714 3520 iaiu‚scias

242 3569 278 3611 ea
291 3549 332 3622 in,
346 3547 427 3608 solea
540 3549 566 3607 ei
577 3548 617 3619 iu,
629 3545 717 3608 bodie
844 3549 872 3608 oi
887 3547 928 3620 in,
939 3547 1022 3628 proin

243 3647 270 3706 ci
284 3646 325 3717 in,
340 3644 408 3705 dein
540 3644 561 3702 ii
575 3644 616 3714 in,
629 3641 715 3702 rediit
842 3644 871 3702 ui
885 3642 926 3712 in,
940 3642 1008 3700 huic

242 3761 279 3802 eo
292 3743 333 3813 in,
347 3740 422 3800 adeo
544 3739 572 3798 io
586 3739 627 3810 in,
642 3739 738 3798 otiose
846 3755 885 3796 uo
899 3740 939 3807 in,
955 3735 1078 3794 duobus.

243 3837 433 3910 euin,Deus
546 3834 692 3908 iuin,diu

332 3982 475 4063 Exempla
489 3981 657 4062 hujusmodi
672 3986 742 4040 suot
755 3993 862 4054 magno
875 3991 1013 4032 nurnero:

205 4093 297 4156 mihi⁷
527 4115 594 4156 eunt
726 4110 825 4152 eornm
963 4085 1044 4143 lucre

208 4191 282 4250 nibil
530 4208 594 4249 esna
730 4203 828 4245 earum
965 4181 1074 4240 luisse·
