2956 4886
300 389 325 434 a
350 384 541 436 nnannrro
565 383 707 433 narina
731 365 1037 436 rnrnnnnarn‘m.
1154 374 1217 438 lll

122 531 233 590 Versus
246 529 279 588 bi
293 530 336 589 ita
349 539 428 589 recte
439 527 577 606 leguntur
588 527 617 586 in
630 526 779 586 Plutarchi
792 526 910 600 libellis,
922 547 980 587 non
993 528 1081 588 modo
1097 530 1218 609 impres·

125 628 174 698 sis,
194 645 298 686 uerum
319 623 407 684 etiam
429 625 489 684 Ma.
516 622 632 683 duobus
654 621 726 698 Περὶ
754 623 904 700 Εὑθνμὶαε.
947 625 1022 682 Nam
1045 625 1124 704 apud
1150 628 1217 686 Sto-

124 724 220 782 boenm
233 739 300 800 cap.
317 723 365 780 95.
380 719 521 780 mendose
538 731 593 790 eet,
609 724 807 798 στρεφομένους
820 721 857 778 ἂν
873 721 966 780 νύκτα.

534 867 603 923 Act.
620 884 659 922 11.
682 864 731 922 Sc·
749 883 803 923 ιιι.

124 990 132 1016 ⁴
148 981 254 1059 Liquet
266 979 338 1038 mihi
353 979 503 1058 dejerare!
544 975 728 1038 Menander:

117 1078 224 1152 Ὀριιιν
238 1073 271 1134 δὲ
283 1083 380 1156 φεῦγε,
397 1077 450 1134 κᾶν
460 1073 571 1132 δικαίως
585 1075 696 1155 duorlar.

124 1173 141 1231 J
146 1169 337 1250 usjurandnm
352 1169 493 1241 devitato,
507 1168 672 1229 etiamnum
682 1169 763 1248 juste
773 1169 873 1249 jurare
888 1175 1006 1250 poteris.

540 1297 609 1358 Aet.
625 1317 680 1358 111.
707 1299 755 1361 Sc.
773 1319 795 1361 1.

125 1421 132 1447 ‘
148 1414 309 1494 Nunquam
324 1412 375 1473 ribi
389 1410 469 1470 dixi!
511 1410 694 1472 Menander:

117 1511 198 1592 Ἔχει
212 1511 237 1570 δ’
250 1514 399 1586 ἐπίκληιον
411 1508 543 1588 Aonian·
559 1511 608 1568 olla
620 1509 717 1586 εἵρηιιά
732 1533 775 1569 σοι
787 1532 797 1580 ;
1170 1581 1173 1586 Ι

124 1607 177 1666 Est
189 1607 262 1668 mihi
276 1607 385 1678 Lamia,
403 1625 470 1684 quae
486 1605 582 1666 nullos
598 1605 769 1666 coheredes
783 1605 883 1667 habet.
928 1607 1034 1671 Nonne
1048 1611 1107 1672 dixi
1122 1615 1198 1674 libil

537 1738 604 1794 Act.
622 1753 677 1795 ιιι.
703 1735 751 1794 Sc.
769 1753 807 1795 ιι.

120 1853 128 1881 ‘
146 1847 280 1916 Tacent:
303 1847 374 1906 eatis
389 1845 533 1906 laudant!
574 1845 757 1906 Menander:

365 1943 431 2003 Kar
445 1945 514 2002 ὅλως
526 1945 617 2022 μηθὲν
630 1949 727 2017 λαλεῖ,

123 2043 176 2099 Διὰ
189 2047 239 2099 τοῦ
253 2044 373 2116 croada,
387 2045 511 2100 alciora
523 2041 586 2117 περὶ
600 2041 682 2112 airas
696 2046 787 2116 λέγει.

125 2135 167 2194 Eo
181 2135 259 2214 ipso,
281 2135 351 2195 dum
365 2135 453 2218 plane
467 2134 509 2194 nil
523 2133 663 2215 loquitur,
685 2136 812 2198 tacendo
827 2139 1043 2218 quamplurima
1057 2140 1093 2202 de
1110 2163 1141 2204 ae
1155 2145 1221 2225 ipsa

162 2229 246 2291 dmm
538 2314 606 2373 Act.
623 2329 670 2372 ιν.
693 2313 743 2374 Sc.
759 2334 807 2374 ιν.

123 2432 131 2457 ‘
147 2423 204 2484 llic
218 2433 266 2483 eet
278 2423 384 2495 vietus,
398 2433 492 2498 vetus,
506 2435 679 2486 veternosus
694 2445 795 2502 senex,
820 2429 917 2489 colore
936 2429 1128 2492 mustellino.'
1159 2433 1220 2492 Vo-

160 2518 217 2578 luit
231 2517 393 2597 exprimere
408 2517 506 2578 looum
519 2520 696 2581 Menandri:

123 2612 211 2675 Olrls
226 2617 288 2674 ἐστι
302 2617 446 2690 γαλεώτης
459 2621 561 2692 γέρων.

125 2711 180 2772 llio
194 2721 243 2772 est
256 2711 395 2772 mustella
413 2731 514 2772 senex.

548 2825 616 2882 Act.
630 2843 657 2880 v.
681 2825 732 2883 Sc.
749 2845 799 2884 vr.

125 2935 207 2996 ‘Sed
221 2945 255 2995 tn
269 2933 351 3014 quod
365 2955 469 2996 cavere
488 2933 607 3015 poesie!
647 2933 804 2997 Translata
826 2957 844 2998 a
870 2939 1035 3000 Menandro
1063 2943 1221 3016 sententia,

162 3033 248 3111 cujus
262 3031 293 3090 hi
308 3031 434 3093 citantur
448 3052 466 3092 a
481 3031 601 3092 Stobaeo
620 3035 746 3094 senarii:

122 3129 244 3200 Εὑήθειά
257 3152 306 3207 μοι
319 3135 449 3208 φαίνεται
469 3127 637 3208 δηλουμένη,

121 3225 162 3284 Τὸ
177 3233 256 3284 νοεῖν
269 3228 324 3304 μὲν
337 3225 391 3285 don
408 3223 460 3295 dei,
476 3230 515 3304 μὴ
529 3227 716 3306 φνλάττεσθαι
731 3223 755 3286 δ’
768 3231 787 3286 ἃ
800 3225 854 3288 δεῖ.

121 3320 284 3381 Manifesta
296 3319 368 3379 milri
381 3320 495 3380 videtur
509 3321 574 3380 lraec
589 3341 655 3381 esse
670 3321 800 3395 fatuitas,

122 3415 259 3496 Assequi,
273 3415 345 3494 quid
360 3417 421 3477 fieri
435 3425 579 3498 oporteat,
594 3437 689 3496 neque
704 3416 801 3478 lacere
815 3427 925 3478 tamen.

538 3547 605 3606 A'ot.
623 3565 656 3606 v.
687 3545 804 3606 Sc.1x.

117 3659 126 3689 ⁴
143 3655 279 3723 Quodvis
295 3655 406 3716 donum
420 3667 449 3716 et
461 3657 635 3737 praemium!
676 3657 864 3719 Menander:

116 3749 205 3825 Εἶνξιιι
219 3755 246 3812 rl
260 3750 373 3828 βούλει,
387 3754 481 3812 πάντα
497 3777 541 3813 σοι
555 3756 719 3828 γενήσεται.

118 3847 206 3926 Elige
221 3848 304 3928 quod
319 3859 415 3928 optes,
430 3859 532 3928 optata
545 3849 622 3910 lares
637 3851 745 3910 omnia.

393 3992 679 4056 Hnuuronrruon.
721 3996 788 4056 Act.
807 4015 830 4054 ι.
851 3994 900 4052 Sc.
918 4011 957 4052 ιι.
1023 4021 1029 4030 ·

114 4114 123 4141 ‘
140 4105 232 4166 lllum
245 4105 400 4165 insimulat
415 4105 541 4166 durum!
582 4107 764 4169 Menander:

114 4202 243 4280 Σκληρόν
257 4203 325 4280 πρὸς
340 4201 401 4262 υἱὸν
415 4203 446 4260 ἐν
461 4207 498 4282 τῷ
514 4206 665 4264 νουθετεῖν.
