2958 4892
282 357 349 424 19⁰
543 372 579 422 r.
603 372 713 424 enarr
737 369 1113 422 oasnnvsnrusoonn

284 512 376 584 alind.
389 521 421 573 et
433 509 513 574 eliud
525 512 623 574 etiam.
645 511 738 572 Andr.
753 519 810 571 act.
827 529 850 570 1.
865 529 911 570 sc.
923 513 948 570 l.
965 511 1034 572 119.
1064 510 1143 572 ‘Pro
1159 530 1251 574 uxore
1264 511 1370 578 babere

284 608 361 668 hanc
375 608 581 688 pere-grisam,
595 626 651 686 ego
665 607 753 666 ir-lud
776 605 899 665 sedulo:
927 605 1191 668 Manifestissirnus
1205 629 1274 670 esse
1289 611 1368 670 vide-

283 715 331 764 tur
343 703 469 764 creticos
482 702 523 776 in,
537 701 610 781 grin'
623 705 670 780 eg'
681 703 702 761 il
710 722 719 770 3
742 700 846 772 sedin,
859 701 920 772 iile,
935 700 997 773 ilia,
1010 705 1067 762 dcc.
1082 702 1150 762 olim
1166 704 1244 782 prior
1257 705 1369 783 syllaba

283 798 535 866 eratcommunis;
556 796 698 876 quonibil
711 797 828 856 certius.
850 793 925 854 lbid.
945 797 1012 854 141.
1033 795 1234 858 ‘Nunctuum
1246 801 1368 858 estoffi-

282 895 358 954 cium
372 893 426 953 bas
439 894 515 954 bene
529 905 562 952 nt
575 892 728 952 aesimeles
740 890 878 972 nuptias?
912 889 967 950 Est
983 901 1082 949 autem
1096 890 1144 950 hic
1166 911 1269 952 versus
1284 894 1368 970 plane

283 990 428 1056 trimeter;
449 1007 520 1066 ergo
529 988 663 1048 Creticus
677 986 706 1046 in
720 987 813 1066 prima
823 983 904 1045 sede.
926 984 974 1042 Ad
985 983 1016 1044 id
1027 995 1162 1064 negatur,
1175 1005 1228 1066 per
1241 989 1369 1048 collisio-

281 1105 360 1160 nem,
368 1083 490 1156 scilicet,
499 1094 530 1143 et
539 1084 695 1162 synizesin,
706 1082 747 1141 ita
755 1091 787 1140 ut
796 1081 834 1140 sit
843 1079 1003 1160 spondeus
1014 1079 1044 1138 in
1055 1081 1148 1158 prima
1155 1093 1238 1160 parte
1252 1084 1368 1144 senarii.

362 1179 540 1240 thiasus.
558 1181 604 1239 12.
633 1177 748 1238 ‘Dave
787 1177 872 1236 Hem.
897 1175 969 1256 quid
993 1174 1061 1235 esti
1091 1175 1219 1237 ehodum
1243 1178 1283 1237 ad
1305 1197 1367 1238 nne:

441 1273 512 1353 quid
525 1273 573 1334 hic
586 1271 671 1332 volt?
691 1272 762 1352 quid
776 1271 843 1332 ais?
864 1271 975 1350 quade
989 1271 1040 1332 rei
1060 1271 1169 1352 rogas?

323 1370 428 1442 Nemo,
449 1369 563 1428 videtur
584 1380 673 1441 certe,
694 1386 803 1448 negare
827 1367 932 1446 possit,
957 1366 1029 1444 quin
1052 1367 1100 1427 hic
1122 1369 1162 1427 sit
1182 1369 1368 1429 Creticusin
1472 1429 1473 1460 ,

281 1473 386 1544 quarta
408 1465 537 1544 regione,
560 1483 627 1524 nam
642 1484 743 1524 versus
767 1473 814 1523 est
834 1463 1002 1523 octonarius
1017 1462 1196 1524 acatalectus
1217 1463 1369 1527 iambicus.
1472 1467 1473 1478 ¹

281 1560 341 1620 Sed
355 1558 440 1618 vide:
461 1558 544 1618 aiunt
558 1557 586 1618 D
600 1557 687 1620 elidi:
708 1559 806 1638 itaque
822 1557 981 1637 spondeant
994 1577 1031 1618 ex
1046 1557 1162 1618 Cretico
1176 1560 1235 1620 fiet.

361 1656 428 1715 Act.
442 1673 532 1714 rnre.
544 1655 573 1714 6.
586 1657 632 1715 17.
651 1655 717 1714 ‘Nil
726 1663 845 1734 propter
855 1653 932 1712 hanc
944 1652 1077 1724 rem,sed
1086 1663 1141 1727 est,
1153 1653 1232 1734 quod
1245 1673 1368 1714 succen-
1472 1647 1473 1660 ²

439 1761 483 1810 set
494 1750 564 1812 tibi.’
578 1751 616 1810 Et
625 1769 710 1810 mox:
727 1749 890 1820 ‘Quidnam
899 1748 965 1810 esti
979 1747 1082 1828 pueril’
1092 1748 1367 1828 est,quidest,'&c.

319 1848 353 1903 ln
368 1855 491 1922 utroque
504 1845 638 1924 exemplo
652 1845 798 1906 affirmant
811 1845 949 1906 miserum
963 1843 1036 1904 illud
1052 1843 1080 1904 D
1093 1845 1184 1905 exteri
1197 1844 1316 1920 debere,
1330 1847 1367 1906 ob

279 1940 359 2018 quod
374 1939 520 2012 meritum,
533 1939 643 2000 nescio.
1472 2009 1473 2014 η

359 2038 426 2099 Act.
442 2057 489 2098 nv.
503 2055 546 2096 sc.
557 2041 586 2095 4.
600 2039 651 2098 26.
700 2036 816 2096 ‘Vestri
839 2034 917 2116 cujn'
934 2034 1060 2096 seueri?
1089 2033 1244 2116 Pamphili.
1270 2037 1366 2098 Hem:

438 2131 716 2212 quidnamphurt’
1472 2117 1473 2128 '

321 2229 375 2287 Est
388 2227 569 2288 indubitatus
585 2229 726 2289 iambicus
752 2228 904 2288 senarius:
933 2231 1033 2311 itaque
1056 2231 1188 2290 Creticus
1202 2228 1364 2290 secundam

279 2325 380 2384 sedem
393 2324 558 2402 occupabit,
572 2342 631 2402 quo
653 2333 683 2383 te
703 2343 828 2403 cumque
843 2326 973 2399 verteris,
996 2328 1051 2387 nisi
1066 2327 1192 2407 priorem
1212 2325 1255 2397 in,
1277 2323 1365 2402 cuju',
1472 2367 1473 2370 η

278 2419 392 2478 brevem
406 2419 476 2477 olim
489 2419 580 2478 fuisse
594 2418 767 2491 contendas,
782 2419 861 2498 qnod
877 2441 914 2480 an
928 2423 989 2482 fieri
1002 2424 1098 2503 possit
1110 2421 1224 2482 dubito.
1253 2419 1362 2477 Tamen

276 2523 307 2572 et
321 2513 428 2572 adhoc
442 2513 630 2593 respondent,
644 2515 788 2594 syllabam
800 2514 892 2589 illam,
910 2517 965 2596 ju’,
984 2517 1071 2598 plane
1085 2517 1195 2597 perire:
1218 2513 1299 2574 unde
1312 2532 1362 2595 pro

278 2608 394 2668 Cretico
407 2608 529 2668 hebebis
542 2609 726 2688 spondaeum.

357 2703 432 2764 Eun.
446 2713 504 2762 act.
518 2724 541 2763 1.
557 2724 599 2764 sc.
617 2706 643 2766 1.
658 2707 706 2766 34.
728 2703 808 2764 ‘Sed
822 2725 891 2766 ecca
911 2708 990 2788 ip-sa
1007 2707 1156 2787 egreditur
1167 2705 1260 2765 nostri
1279 2703 1362 2764 fundi
1472 2737 1473 2742 κ

434 2799 606 2860 calamitas!

357 2893 422 2956 Act.
438 2913 492 2954 111.
507 2913 550 2955 sc.
567 2900 595 2957 1.
609 2898 638 2955 5.
662 2895 847 2956 ‘Dedo-cam
861 2895 915 2958 sed
937 2917 1054 2959 eccum
1068 2897 1205 2960 militem:
1227 2904 1275 2954 est
1286 2889 1362 2954 istu'c

434 2988 556 3048 datum!

316 3084 411 3142 Nemo
425 3101 484 3141 non
499 3081 609 3160 dejeret
629 3101 695 3142 esse
714 3083 860 3146 Creticum
881 3087 911 3146 in
929 3086 1000 3146 locis
1024 3085 1145 3158 notatis,
1167 3083 1295 3146 etmulti
1309 3104 1360 3145 ne·

274 3188 356 3258 gant.
396 3178 473 3236 Nam
497 3177 567 3237 olim
586 3178 738 3240 dicebatur
759 3201 854 3256 ecum,
878 3200 971 3254 ecam,
994 3182 1064 3260 quia
1088 3201 1147 3241 non
1172 3180 1362 3260 geminabant

273 3273 397 3334 eandem
412 3282 635 3360 consonantem.

358 3367 432 3428 lbid.
444 3371 492 3430 56.
515 3369 579 3428 ‘Tu
593 3388 646 3449 par
659 3371 722 3449 pari
737 3371 842 3432 referto
855 3371 935 3450 quod
949 3365 1029 3432 e·a'm
1043 3367 1225 3432 remordeat!

272 3465 327 3526 Est
340 3464 506 3544 planissime
520 3466 663 3540 senmius,
678 3486 731 3526 scu
746 3469 885 3528 trimeter.
916 3468 1112 3537 Quamobrem
1125 3468 1155 3526 in
1169 3464 1272 3544 quinto
1287 3463 1358 3525 sede

272 3561 328 3620 erit
341 3560 485 3620 Creticus.
527 3560 587 3620 Sed
601 3563 693 3639 etqui
711 3562 859 3622 Creticum
879 3560 948 3621 hinc
968 3561 1117 3639 ablegant,
1141 3557 1215 3620 scin’
1240 3567 1272 3617 tn
1287 3557 1359 3638 quid

271 3655 396 3715 dicanti
416 3655 573 3715 dicuntilli
586 3675 701 3716 versum
718 3675 784 3716 esse
809 3655 892 3716 alitor
912 3655 1112 3724 metiendum
1141 3653 1202 3713 sic:
1231 3652 1275 3712 Tu
1291 3671 1358 3733 per·

270 3749 467 3834 pari-referto
477 3750 557 3829 quod
571 3749 839 3812 eam-remordeat.

310 3847 349 3904 Et
360 3857 430 3906 tunc
444 3846 498 3906 erit
511 3855 679 3925 anapaestus
697 3847 727 3905 in
741 3857 847 3926 quarta
861 3845 1039 3906 dimensione
1053 3863 1165 3904 versus.
1207 3842 1243 3902 ld
1257 3852 1358 3902 autem

268 3958 368 4000 verum
382 3959 447 3999 esse
461 3949 576 4018 potest:
598 3959 666 4000 nam
686 3940 765 4012 olim,
787 3960 863 4013 eum,
882 3960 957 4015 eam,
978 3959 1040 4013 ees,
1065 3958 1161 4012 suum,
1185 3957 1266 4008 suas,
1280 3937 1354 4009 suis,

270 4039 325 4092 dcc.
339 4035 542 4114 monosyllaba
563 4045 655 4108 erant,
677 4045 711 4093 nt
732 4053 769 4094 ex
790 4033 924 4094 Lucretio
946 4045 1080 4102 constat;
1110 4053 1147 4093 ne
1171 4032 1210 4092 ad
1229 4033 1357 4094 Ennium

268 4147 373 4204 usque,
395 4139 425 4188 et
447 4129 485 4188 ad
509 4129 618 4188 Livium
640 4127 840 4190 Andronicum
865 4129 1072 4192 ascendamus.
1115 4127 1175 4188 Sed
1199 4137 1230 4188 et
1250 4127 1358 4192 salsam

266 4221 307 4282 ibi
320 4221 475 4284 lectionem
488 4243 565 4295 esse,
578 4223 648 4298 dixi,
661 4225 775 4306 opinor,
795 4225 825 4284 in
841 4223 970 4286 Notulis.
