2958 4892
452 386 502 434 nu
525 384 675 436 courors
702 389 894 439 venereus.
1152 383 1216 450 173

117 529 209 606 ionga
231 534 264 588 et
285 525 367 586 brevi
388 527 494 600 scribe,
516 548 611 600 musa,
631 531 730 590 rerba.
753 529 839 592 'iios
860 532 987 592 iambum
1001 551 1061 594 non
1075 533 1215 611 admittit,

118 621 368 702 quemadmodum
383 641 479 701 neque
492 624 521 683 io
535 625 690 685 iambicum
704 627 851 688 trocheus
873 628 1047 708 ingreditur.
1089 631 1152 692 Etsi
1168 653 1214 696 re-

118 719 226 798 peritur
237 718 327 780 etiam
341 721 372 778 in
387 717 502 780 Graecis
515 722 664 800 ιριχιιϊιόν
673 725 855 800 τετράμετρον
865 727 1074 798 surches-risis,
1087 727 1117 788 iu
1128 731 1213 810 cujus

118 825 224 895 quarto
238 815 307 876 loco
320 815 438 894 ponitur
451 815 577 888 iambus,
591 828 624 875 ut
636 815 666 876 in
681 817 826 877 Nabulis:

156 909 195 970 Ὦ
208 913 356 990 deducens,
380 921 485 986 κιινιρῦ
497 916 564 987 πρόι
578 911 607 988 γ’
620 914 691 991 ὑμᾶι
706 916 867 992 ἇλινθέρυι.
909 916 1003 996 quue
1026 919 1213 983 Eischidesou

117 1009 279 1068 duriorum
293 1017 444 1068 vocarunt.

156 1103 217 1163 Sed
231 1101 326 1164 multo
339 1102 448 1182 majore
462 1102 582 1162 licentia
596 1103 692 1162 Latini
705 1106 750 1164 usi
764 1105 893 1180 t‘ueruut,
907 1118 938 1168 et
951 1109 1072 1188 passim,
1086 1121 1120 1172 ιιι
1129 1112 1211 1173 ride-

117 1209 173 1272 tur,
185 1199 374 1260 inseruerunt
386 1199 509 1259 iambos.
543 1198 662 1259 Docent
675 1211 774 1260 autem
789 1202 832 1262 ita
844 1203 904 1262 fleri
920 1203 976 1264 hoc
989 1225 1118 1280 carmen,
1131 1208 1156 1267 si
1171 1208 1210 1268 ad

117 1295 262 1356 senarium
276 1294 433 1354 iambicum
447 1291 593 1354 addaram
606 1296 749 1366 creticon,
770 1297 820 1375 qui
833 1300 1019 1378 oppipaupcs,
1033 1301 1135 1377 idest,
1150 1303 1211 1383 spi-

116 1389 181 1450 laba
194 1390 288 1470 ionga
300 1391 396 1450 brevis
409 1389 516 1470 ionga:
537 1402 571 1450 ut
592 1391 742 1463 'auriferi
762 1392 818 1453 hoc
831 1393 942 1456 modo:

642 1553 677 1565 -
693 1519 742 1578 Dii
756 1520 835 1592 boni,

236 1615 313 1676 Boni
328 1613 399 1695 quid
413 1632 518 1696 porto:
540 1615 593 1677 sed
608 1615 657 1677 ubi
670 1615 818 1676 inveniam
833 1617 1042 1698 Pamphilum?

116 1713 171 1774 Et:

234 1839 649 1858 --—-----
657 1839 835 1858 ---·-
851 1811 950 1872 Laetus
964 1821 1019 1882 est,

234 1904 347 1965 Nescio
360 1903 452 1982 quid:
474 1901 545 1962 nihii
559 1913 621 1964 est:
642 1901 776 1964 nondum
788 1903 854 1968 haec
867 1907 986 1968 rescivit
1000 1907 1089 1970 mala.

115 2036 159 2098 lta
170 2038 227 2098 hos
241 2053 380 2096 numeros
393 2033 595 2114 composuisse
607 2032 817 2096 Archilochum
831 2035 995 2116 perhibent,
1018 2047 1106 2118 atque
1119 2041 1157 2100 ab
1171 2059 1208 2104 eo

113 2142 214 2215 μέτρον
227 2134 432 2212 Ἀρχιλόχιων
446 2129 568 2192 dictum.
611 2129 671 2190 Sed
685 2130 743 2190 hoc
757 2149 816 2190 non
829 2143 982 2192 servarunt
995 2135 1110 2208 comici,
1132 2156 1208 2216 prm·

114 2234 210 2292 sertim
224 2229 330 2300 Latini,
345 2238 378 2288 ut
391 2225 552 2288 secundom
566 2225 711 2306 syllabam
722 2226 839 2286 brevem
850 2245 965 2306 semper
975 2227 1114 2302 iacerent,
1126 2231 1207 2311 quod

113 2337 293 2408 preceptum
308 2325 346 2386 dc
359 2325 468 2385 cretico
482 2322 610 2402 subjicit,
621 2341 689 2382 cum
703 2321 733 2382 iu
748 2321 805 2384 hoc
815 2341 901 2382 versu
915 2323 1023 2403 ubique
1037 2325 1207 2405 reperiatur,

113 2422 260 2504 dactylus,
274 2430 456 2502 mapmstus,
471 2416 642 2498 spondeus,
655 2417 815 2491 trochaeus,
828 2418 998 2502 τρίβραχνιι

191 2565 307 2643 Apage,
323 2581 383 2621 nou
397 2559 496 2640 placet
509 2577 555 2618 me
568 2558 627 2618 hoc
643 2559 737 2618 noctis
752 2579 838 2622 esse:
860 2563 973 2622 coenavi
986 2563 1086 2623 modo.

193 2659 275 2729 Quid
290 2659 314 2718 si
329 2677 384 2738 ego
398 2657 479 2716 ilium
494 2655 609 2715 tractim
624 2665 744 2734 tangam
758 2667 793 2716 ιιι
806 2657 952 2718 dormisti
972 2659 1143 2720 servaveris.

191 2756 371 2815 Exossatum
385 2771 420 2812 os
434 2771 501 2812 esse
515 2761 641 2830 oportet,
651 2771 738 2830 quem
753 2754 842 2831 probe
855 2755 1044 2831 percusseris.

192 2851 332 2921 Facinus,
347 2848 479 2928 nequiter
491 2847 575 2906 ierire
587 2845 696 2904 melam
711 2846 787 2905 male
802 2845 890 2907 discit
902 2865 1018 2906 manus.

190 2947 256 3006 Illic
270 2947 359 3006 homo
373 2963 419 3004 me
434 2941 632 3024 interpolabit,
650 2961 807 3022 meumque
820 2963 855 3003 os
868 2945 961 3023 finget
975 2943 1083 3003 denuo.

113 3087 144 3146 ln
159 3087 218 3148 tine
231 3107 298 3148 esse
313 3095 381 3178 ante
397 3091 545 3160 κατάληξιν
564 3083 652 3144 debet
675 3083 833 3156 trochaeus,
855 3093 889 3144 ut
911 3083 1048 3146 carminis
1064 3084 1137 3146 ratio
1153 3104 1205 3166 ap·

111 3194 222 3261 pareat,
237 3181 292 3242 sed
304 3181 447 3262 reperitur
460 3189 491 3241 et
503 3179 672 3260 ιριβριιχυιι
695 3190 744 3239 ut:

190 3321 272 3390 Quid
287 3321 318 3380 id
332 3319 463 3400 exquiris
476 3330 520 3396 tu,
534 3320 584 3399 qni
598 3319 706 3401 pugnis
721 3337 755 3380 os
768 3337 891 3380 exossas
905 3317 1083 3380 horninibus.

110 3435 148 3494 Et
161 3434 377 3514 Aristophanes
389 3453 397 3493 ι

180 3559 221 3622 Ὦ
235 3565 389 3643 σοφώτατοι
402 3562 511 3634 deoroi,
526 3557 607 3640 δεῦρο
621 3561 670 3622 τὸν
685 3573 751 3622 νοῦν
765 3568 929 3644 προσιχιτι.

108 3703 196 3785 Saepe
207 3714 308 3765 autem
322 3703 506 3782 multumque
519 3703 565 3763 usi
579 3703 659 3762 iocre
673 3701 730 3762 hoc
741 3703 868 3764 carmine
879 3701 1066 3762 Archilochio
1078 3701 1203 3771 Comici,

107 3811 136 3860 et
159 3801 213 3860 ilio
235 3801 377 3880 plurimas
392 3797 653 3860 sermocinationes
667 3809 906 3879 composuerunt.
948 3798 994 3856 De
1008 3797 1073 3856 aliis
1089 3797 1204 3874 generi·

106 3897 161 3957 bus
176 3895 250 3976 quiri
264 3895 373 3969 dicam,
397 3907 449 3955 aut
468 3895 618 3976 quomodo
632 3895 660 3954 in
677 3895 788 3955 Latinis
803 3891 966 3953 Comoediis
980 3890 1117 3963 indicem,
1141 3909 1202 3950 non

105 3991 210 4053 habeo.
255 3991 321 4052 Etsi
343 3993 480 4064 Sisenna,
505 3991 648 4052 referente
663 3991 782 4062 Rufino,
805 3987 1017 4068 anapaesticum
1035 4001 1158 4046 metrum
1172 3989 1202 4048 in

106 4089 269 4150 Aulularioe
283 4088 413 4170 quadarn
428 4107 519 4149 scena
532 4107 599 4148 esse
613 4087 698 4161 dixit,
719 4085 772 4148 sed
794 4085 945 4146 concisum
964 4083 1016 4156 ita,
1037 4095 1070 4143 ut
1085 4101 1144 4142 non
1158 4085 1202 4142 in·
1242 4075 1244 4078 ’

106 4185 269 4266 telligatur.
305 4185 339 4245 ln
354 4183 400 4244 his
416 4183 505 4264 igitur
518 4197 573 4244 nos
586 4183 695 4243 frustra
710 4191 852 4262 torquere,
872 4178 1034 4260 presertim
1049 4189 1109 4239 tanr
1123 4179 1201 4240 ioede
