<?xml version="1.0" encoding="UTF-8"?>
<!DOCTYPE html PUBLIC "-//W3C//DTD XHTML 1.0 Transitional//EN"
    "http://www.w3.org/TR/xhtml1/DTD/xhtml1-transitional.dtd">
<html xmlns="http://www.w3.org/1999/xhtml" xml:lang="en" lang="en">
 <head>
  <title>
</title>
<meta http-equiv="Content-Type" content="text/html;charset=utf-8" />
  <meta name='ocr-system' content='tesseract 3.04.00' />
  <meta name='ocr-capabilities' content='ocr_page ocr_carea ocr_par ocr_line ocrx_word'/>
</head>
<body>
  <div class='ocr_page' id='page_1' title='image "./comoedisex05westgoog_0258.png"; bbox 0 0 2958 4892; ppageno 0'>
   <div class='ocr_carea' id='block_1_1' title="bbox 224 334 988 406">
    <p class='ocr_par' dir='ltr' id='par_1_1' title="bbox 224 334 988 406">
     <span class='ocr_line' id='line_1_1' title="bbox 224 334 988 406; baseline -0.008 -6"><span class='ocrx_word' id='word_1_1' title='bbox 224 334 291 406; x_wconf 73' lang='lat'><strong>248</strong></span> <span class='ocrx_word' id='word_1_2' title='bbox 562 344 754 398; x_wconf 81' lang='lat' dir='ltr'><strong>arcannus</strong></span> <span class='ocrx_word' id='word_1_3' title='bbox 778 345 988 396; x_wconf 73' lang='lat' dir='ltr'><strong>narramus</strong></span> 
     </span>
    </p>
   </div>
   <div class='ocr_carea' id='block_1_2' title="bbox 267 483 1303 1217">
    <p class='ocr_par' dir='ltr' id='par_1_2' title="bbox 267 483 1189 659">
     <span class='ocr_line' id='line_1_2' title="bbox 267 483 1189 570; baseline -0.009 -20"><span class='ocrx_word' id='word_1_4' title='bbox 267 491 366 570; x_wconf 77' lang='lat' dir='ltr'><strong>ngat</strong></span> <span class='ocrx_word' id='word_1_5' title='bbox 378 491 462 570; x_wconf 87' lang='lat' dir='ltr'><strong>quial</strong></span> <span class='ocrx_word' id='word_1_6' title='bbox 476 485 563 569; x_wconf 74' lang='lat' dir='ltr'><strong>nego,</strong></span> <span class='ocrx_word' id='word_1_7' title='bbox 573 489 624 562; x_wconf 86' lang='lat' dir='ltr'><strong>ait,</strong></span> <span class='ocrx_word' id='word_1_8' title='bbox 638 487 695 547; x_wconf 89' lang='lat' dir='ltr'><strong>aio.</strong></span> <span class='ocrx_word' id='word_1_9' title='bbox 811 484 871 546; x_wconf 85' lang='lat' dir='ltr'><strong>Sed</strong></span> <span class='ocrx_word' id='word_1_10' title='bbox 886 485 992 546; x_wconf 83' lang='lat' dir='ltr'><strong>uatium</strong></span> <span class='ocrx_word' id='word_1_11' title='bbox 1006 483 1189 566; x_wconf 84' lang='lat' dir='ltr'><strong>cbncrepuit.</strong></span> 
     </span>
     <span class='ocr_line' id='line_1_3' title="bbox 268 577 1162 659; baseline -0.007 -15"><span class='ocrx_word' id='word_1_12' title='bbox 268 583 432 656; x_wconf 73' lang='lat' dir='ltr'><strong>Enimvero,</strong></span> <span class='ocrx_word' id='word_1_13' title='bbox 443 585 537 656; x_wconf 86' lang='lat' dir='ltr'><strong>Dare,</strong></span> <span class='ocrx_word' id='word_1_14' title='bbox 546 583 586 642; x_wconf 89' lang='lat' dir='ltr'><strong>nil</strong></span> <span class='ocrx_word' id='word_1_15' title='bbox 598 581 655 643; x_wconf 89' lang='lat' dir='ltr'><strong>loci</strong></span> <span class='ocrx_word' id='word_1_16' title='bbox 664 592 719 642; x_wconf 81' lang='lat' dir='ltr'><strong>ert.</strong></span> <span class='ocrx_word' id='word_1_17' title='bbox 815 577 933 640; x_wconf 69' lang='lat' dir='ltr'><strong>Nemini</strong></span> <span class='ocrx_word' id='word_1_18' title='bbox 947 579 1033 659; x_wconf 84' lang='lat' dir='ltr'><strong>plirra</strong></span> <span class='ocrx_word' id='word_1_19' title='bbox 1046 581 1162 638; x_wconf 82' lang='lat' dir='ltr'><strong>acerba.</strong></span> 
     </span>
    </p>

    <p class='ocr_par' dir='ltr' id='par_1_3' title="bbox 267 673 1178 758">
     <span class='ocr_line' id='line_1_4' title="bbox 267 673 1178 758; baseline -0.007 -18"><span class='ocrx_word' id='word_1_20' title='bbox 267 681 386 740; x_wconf 82' lang='lat' dir='ltr'>Habent</span> <span class='ocrx_word' id='word_1_21' title='bbox 399 677 563 758; x_wconf 74' lang='lat' dir='ltr'><strong>diupicatu.</strong></span> <span class='ocrx_word' id='word_1_22' title='bbox 819 675 898 744; x_wconf 87' lang='lat' dir='ltr'><strong>Quid</strong></span> <span class='ocrx_word' id='word_1_23' title='bbox 911 673 1017 754; x_wconf 72' lang='lat' dir='ltr'><strong>ignire</strong></span> <span class='ocrx_word' id='word_1_24' title='bbox 1031 675 1178 755; x_wconf 91' lang='lat' dir='ltr'><strong>peniculo.</strong></span> 
     </span>
    </p>

    <p class='ocr_par' dir='ltr' id='par_1_4' title="bbox 269 769 1168 852">
     <span class='ocr_line' id='line_1_5' title="bbox 269 769 1168 852; baseline -0.009 -16"><span class='ocrx_word' id='word_1_25' title='bbox 269 775 360 836; x_wconf 83' lang='lat' dir='ltr'>Dolet</span> <span class='ocrx_word' id='word_1_26' title='bbox 373 773 484 834; x_wconf 86' lang='lat' dir='ltr'><strong>dictum</strong></span> <span class='ocrx_word' id='word_1_27' title='bbox 498 773 685 852; x_wconf 84' lang='lat' dir='ltr'><strong>imprudenti.</strong></span> <span class='ocrx_word' id='word_1_28' title='bbox 819 772 880 832; x_wconf 87' lang='lat' dir='ltr'><strong>Sed</strong></span> <span class='ocrx_word' id='word_1_29' title='bbox 893 782 979 832; x_wconf 75' lang='lat' dir='ltr'><strong>cotue</strong></span> <span class='ocrx_word' id='word_1_30' title='bbox 993 769 1042 830; x_wconf 91' lang='lat' dir='ltr'><strong>ille</strong></span> <span class='ocrx_word' id='word_1_31' title='bbox 1057 782 1168 830; x_wconf 74' lang='lat' dir='ltr'><strong>noster.</strong></span> 
     </span>
    </p>

    <p class='ocr_par' dir='ltr' id='par_1_5' title="bbox 268 865 1142 950">
     <span class='ocr_line' id='line_1_6' title="bbox 268 865 1142 950; baseline -0.007 -20"><span class='ocrx_word' id='word_1_32' title='bbox 268 869 362 930; x_wconf 78' lang='lat' dir='ltr'><strong>Adest</strong></span> <span class='ocrx_word' id='word_1_33' title='bbox 376 867 486 950; x_wconf 82' lang='lat' dir='ltr'><strong>dptime</strong></span> <span class='ocrx_word' id='word_1_34' title='bbox 500 869 573 948; x_wconf 83' lang='lat' dir='ltr'><strong>ipse.</strong></span> <span class='ocrx_word' id='word_1_35' title='bbox 819 867 929 926; x_wconf 81' lang='lat' dir='ltr'><strong>Tamen</strong></span> <span class='ocrx_word' id='word_1_36' title='bbox 945 865 993 924; x_wconf 82' lang='lat' dir='ltr'><strong>viu</strong></span> <span class='ocrx_word' id='word_1_37' title='bbox 1006 866 1142 926; x_wconf 88' lang='lat' dir='ltr'><strong>humane.</strong></span> 
     </span>
    </p>

    <p class='ocr_par' dir='ltr' id='par_1_6' title="bbox 270 959 1153 1054">
     <span class='ocr_line' id='line_1_7' title="bbox 270 959 1153 1054; baseline -0.007 -28"><span class='ocrx_word' id='word_1_38' title='bbox 270 967 373 1026; x_wconf 81' lang='lat' dir='ltr'>Solent</span> <span class='ocrx_word' id='word_1_39' title='bbox 386 963 452 1026; x_wconf 73' lang='lat' dir='ltr'><strong>boae</strong></span> <span class='ocrx_word' id='word_1_40' title='bbox 466 963 496 1024; x_wconf 93' lang='lat' dir='ltr'><strong>id</strong></span> <span class='ocrx_word' id='word_1_41' title='bbox 512 985 571 1023; x_wconf 91' lang='lat' dir='ltr'><strong>non</strong></span> <span class='ocrx_word' id='word_1_42' title='bbox 587 963 630 1022; x_wconf 84' lang='lat' dir='ltr'><strong>fit.</strong></span> <span class='ocrx_word' id='word_1_43' title='bbox 825 963 918 1054; x_wconf 72' lang='lat' dir='ltr'><strong>Tacpt</strong></span> <span class='ocrx_word' id='word_1_44' title='bbox 931 963 983 1023; x_wconf 82' lang='lat' dir='ltr'><strong>clrr</strong></span> <span class='ocrx_word' id='word_1_45' title='bbox 999 982 1057 1020; x_wconf 89' lang='lat' dir='ltr'><strong>non</strong></span> <span class='ocrx_word' id='word_1_46' title='bbox 1071 959 1153 1021; x_wconf 90' lang='lat' dir='ltr'><strong>ludo.</strong></span> 
     </span>
    </p>

    <p class='ocr_par' dir='ltr' id='par_1_7' title="bbox 270 1047 1303 1217">
     <span class='ocr_line' id='line_1_8' title="bbox 270 1047 1226 1140; baseline -0.005 -20"><span class='ocrx_word' id='word_1_47' title='bbox 270 1061 349 1132; x_wconf 86' lang='lat' dir='ltr'>Quid</span> <span class='ocrx_word' id='word_1_48' title='bbox 366 1057 435 1122; x_wconf 90' lang='lat' dir='ltr'><strong>buic</strong></span> <span class='ocrx_word' id='word_1_49' title='bbox 449 1059 498 1122; x_wconf 84' lang='lat' dir='ltr'><strong>hic</strong></span> <span class='ocrx_word' id='word_1_50' title='bbox 513 1047 655 1140; x_wconf 79' lang='lat' dir='ltr'><strong>negotist.</strong></span> <span class='ocrx_word' id='word_1_51' title='bbox 827 1059 918 1118; x_wconf 91' lang='lat' dir='ltr'><strong>Jubet</strong></span> <span class='ocrx_word' id='word_1_52' title='bbox 931 1057 1044 1118; x_wconf 73' lang='lat' dir='ltr'><strong>friteri</strong></span> <span class='ocrx_word' id='word_1_53' title='bbox 1064 1057 1113 1116; x_wconf 90' lang='lat' dir='ltr'><strong>ubi</strong></span> <span class='ocrx_word' id='word_1_54' title='bbox 1128 1057 1153 1116; x_wconf 86' lang='lat' dir='ltr'><strong>ia</strong></span> <span class='ocrx_word' id='word_1_55' title='bbox 1167 1068 1226 1116; x_wconf 81' lang='lat' dir='ltr'><strong>eat.</strong></span> 
     </span>
     <span class='ocr_line' id='line_1_9' title="bbox 270 1153 1303 1217; baseline -0.005 0"><span class='ocrx_word' id='word_1_56' title='bbox 270 1155 398 1217; x_wconf 82' lang='lat' dir='ltr'>Student</span> <span class='ocrx_word' id='word_1_57' title='bbox 411 1153 518 1216; x_wconf 72' lang='lat' dir='ltr'><strong>licere.</strong></span> <span class='ocrx_word' id='word_1_58' title='bbox 825 1155 933 1214; x_wconf 90' lang='lat' dir='ltr'><strong>Omnia</strong></span> <span class='ocrx_word' id='word_1_59' title='bbox 946 1153 1049 1214; x_wconf 78' lang='lat' dir='ltr'><strong>brunes</strong></span> <span class='ocrx_word' id='word_1_60' title='bbox 1063 1153 1113 1213; x_wconf 90' lang='lat' dir='ltr'><strong>ubi</strong></span> <span class='ocrx_word' id='word_1_61' title='bbox 1124 1154 1303 1216; x_wconf 79' lang='lat' dir='ltr'><strong>resciscunt.</strong></span> 
     </span>
    </p>
   </div>
   <div class='ocr_carea' id='block_1_3' title="bbox 188 1295 1332 2526">
    <p class='ocr_par' dir='ltr' id='par_1_8' title="bbox 188 1295 1332 2526">
     <span class='ocr_line' id='line_1_10' title="bbox 233 1295 1325 1379; baseline -0.005 -20"><span class='ocrx_word' id='word_1_62' title='bbox 233 1301 310 1374; x_wconf 86' lang='lat' dir='ltr'><strong>Hoc,</strong></span> <span class='ocrx_word' id='word_1_63' title='bbox 323 1311 357 1360; x_wconf 92' lang='lat' dir='ltr'><strong>ut</strong></span> <span class='ocrx_word' id='word_1_64' title='bbox 370 1299 464 1372; x_wconf 81' lang='lat' dir='ltr'><strong>viden,</strong></span> <span class='ocrx_word' id='word_1_65' title='bbox 478 1299 605 1360; x_wconf 81' lang='lat' dir='ltr'><strong>Terentii</strong></span> <span class='ocrx_word' id='word_1_66' title='bbox 624 1297 768 1379; x_wconf 89' lang='lat' dir='ltr'><strong>judicium</strong></span> <span class='ocrx_word' id='word_1_67' title='bbox 789 1307 871 1365; x_wconf 76' lang='lat' dir='ltr'><strong>erat:</strong></span> <span class='ocrx_word' id='word_1_68' title='bbox 893 1307 926 1357; x_wconf 93' lang='lat' dir='ltr'><strong>ut</strong></span> <span class='ocrx_word' id='word_1_69' title='bbox 942 1297 973 1356; x_wconf 94' lang='lat' dir='ltr'><strong>in</strong></span> <span class='ocrx_word' id='word_1_70' title='bbox 988 1298 1080 1376; x_wconf 89' lang='lat' dir='ltr'><strong>primo</strong></span> <span class='ocrx_word' id='word_1_71' title='bbox 1094 1295 1155 1356; x_wconf 82' lang='lat' dir='ltr'><strong>iare</strong></span> <span class='ocrx_word' id='word_1_72' title='bbox 1169 1295 1245 1376; x_wconf 90' lang='lat' dir='ltr'><strong>pede</strong></span> <span class='ocrx_word' id='word_1_73' title='bbox 1260 1315 1325 1354; x_wconf 84' lang='lat' dir='ltr'><strong>uer-</strong></span> 
     </span>
     <span class='ocr_line' id='line_1_11' title="bbox 232 1391 1326 1474; baseline -0.005 -21"><span class='ocrx_word' id='word_1_74' title='bbox 232 1413 295 1466; x_wconf 85' lang='lat' dir='ltr'><strong>rur,</strong></span> <span class='ocrx_word' id='word_1_75' title='bbox 308 1395 357 1454; x_wconf 91' lang='lat' dir='ltr'><strong>ubi</strong></span> <span class='ocrx_word' id='word_1_76' title='bbox 375 1395 504 1474; x_wconf 74' lang='lat' dir='ltr'>paratior</span> <span class='ocrx_word' id='word_1_77' title='bbox 517 1395 603 1456; x_wconf 84' lang='lat' dir='ltr'><strong>venia</strong></span> <span class='ocrx_word' id='word_1_78' title='bbox 624 1407 680 1465; x_wconf 84' lang='lat' dir='ltr'><strong>ert,</strong></span> <span class='ocrx_word' id='word_1_79' title='bbox 705 1393 824 1453; x_wconf 84' lang='lat' dir='ltr'><strong>licentia</strong></span> <span class='ocrx_word' id='word_1_80' title='bbox 836 1392 889 1452; x_wconf 90' lang='lat' dir='ltr'><strong>illa</strong></span> <span class='ocrx_word' id='word_1_81' title='bbox 902 1401 1052 1453; x_wconf 85' lang='lat' dir='ltr'><strong>uteretur:</strong></span> <span class='ocrx_word' id='word_1_82' title='bbox 1073 1391 1185 1450; x_wconf 89' lang='lat' dir='ltr'><strong>idcirco</strong></span> <span class='ocrx_word' id='word_1_83' title='bbox 1200 1409 1326 1450; x_wconf 81' lang='lat' dir='ltr'><strong>excura-</strong></span> 
     </span>
     <span class='ocr_line' id='line_1_12' title="bbox 231 1484 1326 1570; baseline -0.005 -22"><span class='ocrx_word' id='word_1_84' title='bbox 231 1489 298 1561; x_wconf 89' lang='lat' dir='ltr'><strong>tior‚</strong></span> <span class='ocrx_word' id='word_1_85' title='bbox 311 1489 391 1568; x_wconf 88' lang='lat' dir='ltr'><strong>quod</strong></span> <span class='ocrx_word' id='word_1_86' title='bbox 405 1507 465 1550; x_wconf 89' lang='lat' dir='ltr'><strong>non</strong></span> <span class='ocrx_word' id='word_1_87' title='bbox 480 1491 543 1570; x_wconf 80' lang='lat' dir='ltr'><strong>ipae</strong></span> <span class='ocrx_word' id='word_1_88' title='bbox 563 1507 627 1550; x_wconf 88' lang='lat' dir='ltr'><strong>earn</strong></span> <span class='ocrx_word' id='word_1_89' title='bbox 647 1489 757 1569; x_wconf 84' lang='lat' dir='ltr'><strong>primur</strong></span> <span class='ocrx_word' id='word_1_90' title='bbox 782 1485 932 1555; x_wconf 73' lang='lat' dir='ltr'><strong>intulerit:</strong></span> <span class='ocrx_word' id='word_1_91' title='bbox 954 1484 1008 1547; x_wconf 86' lang='lat' dir='ltr'><strong>aed</strong></span> <span class='ocrx_word' id='word_1_92' title='bbox 1027 1485 1177 1560; x_wconf 84' lang='lat' dir='ltr'><strong>aPlauto,</strong></span> <span class='ocrx_word' id='word_1_93' title='bbox 1193 1485 1326 1556; x_wconf 70' lang='lat' dir='ltr'><strong>Caecilio,</strong></span> 
     </span>
     <span class='ocr_line' id='line_1_13' title="bbox 231 1581 1326 1664; baseline -0.006 -20"><span class='ocrx_word' id='word_1_94' title='bbox 231 1583 395 1664; x_wconf 80' lang='lat' dir='ltr'><strong>ceterioque</strong></span> <span class='ocrx_word' id='word_1_95' title='bbox 409 1595 471 1646; x_wconf 83' lang='lat' dir='ltr'><strong>turn</strong></span> <span class='ocrx_word' id='word_1_96' title='bbox 484 1587 515 1645; x_wconf 91' lang='lat' dir='ltr'><strong>in</strong></span> <span class='ocrx_word' id='word_1_97' title='bbox 530 1585 818 1664; x_wconf 76' lang='lat' dir='ltr'><strong>acenereguantibur</strong></span> <span class='ocrx_word' id='word_1_98' title='bbox 828 1593 980 1662; x_wconf 74' lang='lat' dir='ltr'><strong>acceptam</strong></span> <span class='ocrx_word' id='word_1_99' title='bbox 992 1581 1153 1642; x_wconf 79' lang='lat' dir='ltr'><strong>retinuerit.</strong></span> <span class='ocrx_word' id='word_1_100' title='bbox 1194 1581 1326 1640; x_wconf 75' lang='lat' dir='ltr'><strong>licentia</strong></span> 
     </span>
     <span class='ocr_line' id='line_1_14' title="bbox 232 1677 1325 1760; baseline -0.005 -20"><span class='ocrx_word' id='word_1_101' title='bbox 232 1689 310 1740; x_wconf 85' lang='lat' dir='ltr'><strong>certe</strong></span> <span class='ocrx_word' id='word_1_102' title='bbox 330 1691 410 1748; x_wconf 75' lang='lat' dir='ltr'><strong>erat:</strong></span> <span class='ocrx_word' id='word_1_103' title='bbox 438 1691 469 1741; x_wconf 88' lang='lat' dir='ltr'><strong>et</strong></span> <span class='ocrx_word' id='word_1_104' title='bbox 494 1680 618 1760; x_wconf 79' lang='lat' dir='ltr'><strong>indigua</strong></span> <span class='ocrx_word' id='word_1_105' title='bbox 646 1681 731 1752; x_wconf 80' lang='lat' dir='ltr'><strong>forte,</strong></span> <span class='ocrx_word' id='word_1_106' title='bbox 758 1681 806 1741; x_wconf 89' lang='lat' dir='ltr'><strong>cui</strong></span> <span class='ocrx_word' id='word_1_107' title='bbox 832 1679 949 1740; x_wconf 82' lang='lat' dir='ltr'><strong>Romuli</strong></span> <span class='ocrx_word' id='word_1_108' title='bbox 977 1689 1100 1760; x_wconf 81' lang='lat' dir='ltr'><strong>nepotas</strong></span> <span class='ocrx_word' id='word_1_109' title='bbox 1126 1677 1325 1756; x_wconf 75' lang='lat' dir='ltr'><strong>indulgerent.</strong></span> 
     </span>
     <span class='ocr_line' id='line_1_15' title="bbox 188 1772 1326 1854; baseline -0.002 -22"><span class='ocrx_word' id='word_1_110' title='bbox 188 1775 190 1778; x_wconf 78' lang='grc'><strong>’</strong></span> <span class='ocrx_word' id='word_1_111' title='bbox 234 1773 322 1846; x_wconf 82' lang='lat' dir='ltr'><strong>Nam,</strong></span> <span class='ocrx_word' id='word_1_112' title='bbox 336 1775 388 1854; x_wconf 89' lang='lat' dir='ltr'><strong>qui</strong></span> <span class='ocrx_word' id='word_1_113' title='bbox 401 1775 488 1836; x_wconf 87' lang='lat' dir='ltr'><strong>hodie</strong></span> <span class='ocrx_word' id='word_1_114' title='bbox 510 1795 570 1836; x_wconf 94' lang='lat' dir='ltr'><strong>non</strong></span> <span class='ocrx_word' id='word_1_115' title='bbox 591 1775 730 1836; x_wconf 75' lang='lat' dir='ltr'><strong>Comicus</strong></span> <span class='ocrx_word' id='word_1_116' title='bbox 753 1786 868 1836; x_wconf 76' lang='lat' dir='ltr'><strong>veteres</strong></span> <span class='ocrx_word' id='word_1_117' title='bbox 890 1786 1073 1846; x_wconf 83' lang='lat' dir='ltr'><strong>excooaturn,</strong></span> <span class='ocrx_word' id='word_1_118' title='bbox 1095 1773 1149 1832; x_wconf 86' lang='lat' dir='ltr'><strong>aed</strong></span> <span class='ocrx_word' id='word_1_119' title='bbox 1171 1772 1326 1832; x_wconf 75' lang='lat' dir='ltr'><strong>defensum</strong></span> 
     </span>
     <span class='ocr_line' id='line_1_16' title="bbox 234 1867 1327 1951; baseline 0 -25"><span class='ocrx_word' id='word_1_120' title='bbox 234 1877 325 1936; x_wconf 69' lang='lat' dir='ltr'><strong>eunti</strong></span> <span class='ocrx_word' id='word_1_121' title='bbox 347 1871 398 1948; x_wconf 87' lang='lat' dir='ltr'><strong>qui</strong></span> <span class='ocrx_word' id='word_1_122' title='bbox 416 1872 526 1932; x_wconf 83' lang='lat' dir='ltr'><strong>iontem</strong></span> <span class='ocrx_word' id='word_1_123' title='bbox 542 1873 582 1933; x_wconf 92' lang='lat' dir='ltr'><strong>rei</strong></span> <span class='ocrx_word' id='word_1_124' title='bbox 603 1891 781 1951; x_wconf 77' lang='lat' dir='ltr'><strong>causamque</strong></span> <span class='ocrx_word' id='word_1_125' title='bbox 801 1881 832 1932; x_wconf 90' lang='lat' dir='ltr'><strong>et</strong></span> <span class='ocrx_word' id='word_1_126' title='bbox 849 1871 991 1950; x_wconf 81' lang='lat' dir='ltr'><strong>originem</strong></span> <span class='ocrx_word' id='word_1_127' title='bbox 1005 1867 1198 1950; x_wconf 81' lang='lat' dir='ltr'><strong>deprendirre</strong></span> <span class='ocrx_word' id='word_1_128' title='bbox 1215 1887 1248 1928; x_wconf 85' lang='lat' dir='ltr'><strong>ae</strong></span> <span class='ocrx_word' id='word_1_129' title='bbox 1264 1867 1327 1946; x_wconf 81' lang='lat' dir='ltr'><strong>glo·</strong></span> 
     </span>
     <span class='ocr_line' id='line_1_17' title="bbox 234 1963 1329 2046; baseline -0.001 -24"><span class='ocrx_word' id='word_1_130' title='bbox 234 1963 365 2033; x_wconf 74' lang='lat' dir='ltr'><strong>riantur:</strong></span> <span class='ocrx_word' id='word_1_131' title='bbox 391 1969 562 2046; x_wconf 75' lang='lat' dir='ltr'><strong>popularem</strong></span> <span class='ocrx_word' id='word_1_132' title='bbox 586 1967 700 2029; x_wconf 72' lang='lat' dir='ltr'><strong>scilicet</strong></span> <span class='ocrx_word' id='word_1_133' title='bbox 722 1977 794 2027; x_wconf 90' lang='lat' dir='ltr'><strong>tuuc</strong></span> <span class='ocrx_word' id='word_1_134' title='bbox 819 1966 957 2046; x_wconf 77' lang='lat' dir='ltr'><strong>temporie</strong></span> <span class='ocrx_word' id='word_1_135' title='bbox 971 1963 1179 2046; x_wconf 86' lang='lat' dir='ltr'><strong>pronuntiandi</strong></span> <span class='ocrx_word' id='word_1_136' title='bbox 1194 1983 1329 2023; x_wconf 87' lang='lat' dir='ltr'><strong>morem:</strong></span> 
     </span>
     <span class='ocr_line' id='line_1_18' title="bbox 235 2059 1330 2143; baseline 0.003 -27"><span class='ocrx_word' id='word_1_137' title='bbox 235 2067 270 2116; x_wconf 88' lang='lat' dir='ltr'><strong>ut</strong></span> <span class='ocrx_word' id='word_1_138' title='bbox 282 2077 405 2121; x_wconf 78' lang='lat' dir='ltr'><strong>neceaoe</strong></span> <span class='ocrx_word' id='word_1_139' title='bbox 428 2063 516 2123; x_wconf 83' lang='lat' dir='ltr'><strong>luerit</strong></span> <span class='ocrx_word' id='word_1_140' title='bbox 538 2062 669 2136; x_wconf 80' lang='lat' dir='ltr'><strong>comicia,</strong></span> <span class='ocrx_word' id='word_1_141' title='bbox 693 2083 760 2143; x_wconf 79' lang='lat' dir='ltr'><strong>quac</strong></span> <span class='ocrx_word' id='word_1_142' title='bbox 785 2063 875 2123; x_wconf 88' lang='lat' dir='ltr'><strong>rerba</strong></span> <span class='ocrx_word' id='word_1_143' title='bbox 897 2059 1045 2121; x_wconf 88' lang='lat' dir='ltr'><strong>communi</strong></span> <span class='ocrx_word' id='word_1_144' title='bbox 1068 2060 1173 2119; x_wconf 81' lang='lat' dir='ltr'><strong>civium</strong></span> <span class='ocrx_word' id='word_1_145' title='bbox 1193 2077 1330 2119; x_wconf 80' lang='lat' dir='ltr'><strong>nemone</strong></span> 
     </span>
     <span class='ocr_line' id='line_1_19' title="bbox 236 2155 1329 2238; baseline -0.003 -22"><span class='ocrx_word' id='word_1_146' title='bbox 236 2155 340 2233; x_wconf 72' lang='lat' dir='ltr'><strong>spretis</strong></span> <span class='ocrx_word' id='word_1_147' title='bbox 353 2159 585 2220; x_wconf 72' lang='lat' dir='ltr'><strong>consonantibur</strong></span> <span class='ocrx_word' id='word_1_148' title='bbox 600 2157 702 2238; x_wconf 87' lang='lat' dir='ltr'><strong>rapide</strong></span> <span class='ocrx_word' id='word_1_149' title='bbox 715 2157 921 2230; x_wconf 80' lang='lat' dir='ltr'><strong>efferebantur,</strong></span> <span class='ocrx_word' id='word_1_150' title='bbox 931 2175 967 2216; x_wconf 90' lang='lat' dir='ltr'><strong>ea</strong></span> <span class='ocrx_word' id='word_1_151' title='bbox 980 2157 1069 2216; x_wconf 81' lang='lat' dir='ltr'><strong>verbe</strong></span> <span class='ocrx_word' id='word_1_152' title='bbox 1082 2155 1111 2214; x_wconf 91' lang='lat' dir='ltr'><strong>in</strong></span> <span class='ocrx_word' id='word_1_153' title='bbox 1123 2155 1184 2214; x_wconf 80' lang='lat' dir='ltr'><strong>auia</strong></span> <span class='ocrx_word' id='word_1_154' title='bbox 1196 2155 1329 2224; x_wconf 81' lang='lat' dir='ltr'><strong>Fabullo,</strong></span> 
     </span>
     <span class='ocr_line' id='line_1_20' title="bbox 236 2249 1332 2332; baseline -0.004 -20"><span class='ocrx_word' id='word_1_155' title='bbox 236 2267 305 2327; x_wconf 75' lang='lat' dir='ltr'><strong>quaa</strong></span> <span class='ocrx_word' id='word_1_156' title='bbox 318 2251 513 2314; x_wconf 72' lang='lat' dir='ltr'><strong>audiebantur</strong></span> <span class='ocrx_word' id='word_1_157' title='bbox 527 2254 649 2326; x_wconf 75' lang='lat' dir='ltr'><strong>scilicet,</strong></span> <span class='ocrx_word' id='word_1_158' title='bbox 658 2273 718 2314; x_wconf 84' lang='lat' dir='ltr'><strong>noa</strong></span> <span class='ocrx_word' id='word_1_159' title='bbox 728 2253 910 2332; x_wconf 73' lang='lat' dir='ltr'><strong>legebantur,</strong></span> <span class='ocrx_word' id='word_1_160' title='bbox 920 2250 1082 2330; x_wconf 85' lang='lat' dir='ltr'><strong>corriperer</strong></span> <span class='ocrx_word' id='word_1_161' title='bbox 1098 2269 1145 2309; x_wconf 75' lang='lat' dir='ltr'><strong>nar</strong></span> <span class='ocrx_word' id='word_1_162' title='bbox 1154 2249 1332 2329; x_wconf 85' lang='lat' dir='ltr'><strong>illioperoro</strong></span> 
     </span>
     <span class='ocr_line' id='line_1_21' title="bbox 237 2343 1332 2430; baseline -0.002 -24"><span class='ocrx_word' id='word_1_163' title='bbox 237 2357 345 2406; x_wconf 81' lang='lat' dir='ltr'><strong>conatu</strong></span> <span class='ocrx_word' id='word_1_164' title='bbox 373 2348 447 2410; x_wconf 87' lang='lat' dir='ltr'><strong>nibil</strong></span> <span class='ocrx_word' id='word_1_165' title='bbox 472 2349 587 2424; x_wconf 85' lang='lat' dir='ltr'><strong>dicunt,</strong></span> <span class='ocrx_word' id='word_1_166' title='bbox 614 2349 788 2430; x_wconf 85' lang='lat' dir='ltr'><strong>pollicentea</strong></span> <span class='ocrx_word' id='word_1_167' title='bbox 815 2367 925 2430; x_wconf 77' lang='lat' dir='ltr'><strong>magna</strong></span> <span class='ocrx_word' id='word_1_168' title='bbox 950 2347 1024 2409; x_wconf 89' lang='lat' dir='ltr'><strong>nibil</strong></span> <span class='ocrx_word' id='word_1_169' title='bbox 1052 2348 1208 2408; x_wconf 81' lang='lat' dir='ltr'><strong>extricant.</strong></span> <span class='ocrx_word' id='word_1_170' title='bbox 1250 2343 1332 2414; x_wconf 88' lang='lat' dir='ltr'><strong>Quid</strong></span> 
     </span>
     <span class='ocr_line' id='line_1_22' title="bbox 238 2441 855 2526; baseline 0.006 -26"><span class='ocrx_word' id='word_1_171' title='bbox 238 2441 339 2501; x_wconf 86' lang='lat' dir='ltr'><strong>enimi</strong></span> <span class='ocrx_word' id='word_1_172' title='bbox 360 2443 387 2502; x_wconf 85' lang='lat' dir='ltr'><strong>ai</strong></span> <span class='ocrx_word' id='word_1_173' title='bbox 400 2463 473 2505; x_wconf 82' lang='lat' dir='ltr'><strong>urm</strong></span> <span class='ocrx_word' id='word_1_174' title='bbox 486 2454 548 2506; x_wconf 89' lang='lat' dir='ltr'><strong>tum</strong></span> <span class='ocrx_word' id='word_1_175' title='bbox 562 2445 668 2506; x_wconf 80' lang='lat' dir='ltr'><strong>civium</strong></span> <span class='ocrx_word' id='word_1_176' title='bbox 682 2445 855 2526; x_wconf 82' lang='lat' dir='ltr'><strong>communis,</strong></span> 
     </span>
    </p>
   </div>
   <div class='ocr_carea' id='block_1_4' title="bbox 319 2567 1170 2650">
    <p class='ocr_par' dir='ltr' id='par_1_9' title="bbox 319 2567 1170 2650">
     <span class='ocr_line' id='line_1_23' title="bbox 319 2567 1170 2650; baseline -0.001 -21"><span class='ocrx_word' id='word_1_177' title='bbox 319 2567 415 2636; x_wconf 88' lang='lat' dir='ltr'><strong>Quem</strong></span> <span class='ocrx_word' id='word_1_178' title='bbox 429 2589 521 2650; x_wconf 83' lang='lat' dir='ltr'><strong>penca</strong></span> <span class='ocrx_word' id='word_1_179' title='bbox 535 2569 685 2632; x_wconf 84' lang='lat' dir='ltr'><strong>arbitrium</strong></span> <span class='ocrx_word' id='word_1_180' title='bbox 699 2581 746 2632; x_wconf 84' lang='lat' dir='ltr'><strong>eat</strong></span> <span class='ocrx_word' id='word_1_181' title='bbox 758 2581 788 2631; x_wconf 91' lang='lat' dir='ltr'><strong>et</strong></span> <span class='ocrx_word' id='word_1_182' title='bbox 798 2571 847 2650; x_wconf 79' lang='lat' dir='ltr'><strong>jue</strong></span> <span class='ocrx_word' id='word_1_183' title='bbox 862 2580 892 2630; x_wconf 91' lang='lat' dir='ltr'><strong>et</strong></span> <span class='ocrx_word' id='word_1_184' title='bbox 904 2587 1006 2631; x_wconf 87' lang='lat' dir='ltr'><strong>norma</strong></span> <span class='ocrx_word' id='word_1_185' title='bbox 1019 2567 1170 2649; x_wconf 88' lang='lat' dir='ltr'><strong>loquendi,</strong></span> 
     </span>
    </p>
   </div>
   <div class='ocr_carea' id='block_1_5' title="bbox 239 2687 1337 3158">
    <p class='ocr_par' dir='ltr' id='par_1_10' title="bbox 239 2687 1337 3158">
     <span class='ocr_line' id='line_1_24' title="bbox 240 2687 1335 2774; baseline 0.004 -27"><span class='ocrx_word' id='word_1_186' title='bbox 240 2687 418 2770; x_wconf 80' lang='lat' dir='ltr'><strong>syllabaade</strong></span> <span class='ocrx_word' id='word_1_187' title='bbox 431 2693 539 2774; x_wconf 84' lang='lat' dir='ltr'><strong>quibua</strong></span> <span class='ocrx_word' id='word_1_188' title='bbox 554 2691 650 2774; x_wconf 82' lang='lat' dir='ltr'><strong>agitur</strong></span> <span class='ocrx_word' id='word_1_189' title='bbox 672 2691 777 2774; x_wconf 88' lang='lat' dir='ltr'><strong>raptim</strong></span> <span class='ocrx_word' id='word_1_190' title='bbox 797 2691 1023 2772; x_wconf 68' lang='lat' dir='ltr'><strong>pronuntiabam</strong></span> <span class='ocrx_word' id='word_1_191' title='bbox 1039 2691 1102 2770; x_wconf 90' lang='lat' dir='ltr'><strong>jarn</strong></span> <span class='ocrx_word' id='word_1_192' title='bbox 1125 2707 1184 2751; x_wconf 91' lang='lat' dir='ltr'><strong>uon</strong></span> <span class='ocrx_word' id='word_1_193' title='bbox 1205 2691 1335 2751; x_wconf 90' lang='lat' dir='ltr'><strong>comico-</strong></span> 
     </span>
     <span class='ocr_line' id='line_1_25' title="bbox 239 2785 1336 2870; baseline 0.003 -27"><span class='ocrx_word' id='word_1_194' title='bbox 239 2805 304 2844; x_wconf 87' lang='lat' dir='ltr'><strong>rum</strong></span> <span class='ocrx_word' id='word_1_195' title='bbox 317 2785 364 2847; x_wconf 83' lang='lat' dir='ltr'><strong>vel</strong></span> <span class='ocrx_word' id='word_1_196' title='bbox 378 2787 498 2852; x_wconf 90' lang='lat' dir='ltr'><strong>licentia</strong></span> <span class='ocrx_word' id='word_1_197' title='bbox 511 2789 558 2852; x_wconf 85' lang='lat' dir='ltr'><strong>rel</strong></span> <span class='ocrx_word' id='word_1_198' title='bbox 571 2789 681 2851; x_wconf 86' lang='lat' dir='ltr'><strong>crimen</strong></span> <span class='ocrx_word' id='word_1_199' title='bbox 701 2799 757 2864; x_wconf 88' lang='lat' dir='ltr'><strong>eat,</strong></span> <span class='ocrx_word' id='word_1_200' title='bbox 778 2789 829 2870; x_wconf 89' lang='lat' dir='ltr'><strong>qui</strong></span> <span class='ocrx_word' id='word_1_201' title='bbox 843 2789 916 2850; x_wconf 92' lang='lat' dir='ltr'><strong>mori</strong></span> <span class='ocrx_word' id='word_1_202' title='bbox 927 2789 1164 2868; x_wconf 81' lang='lat' dir='ltr'><strong>obtemperantes</strong></span> <span class='ocrx_word' id='word_1_203' title='bbox 1177 2805 1228 2847; x_wconf 83' lang='lat' dir='ltr'><strong>ean</strong></span> <span class='ocrx_word' id='word_1_204' title='bbox 1242 2787 1336 2847; x_wconf 89' lang='lat' dir='ltr'><strong>corri-</strong></span> 
     </span>
     <span class='ocr_line' id='line_1_26' title="bbox 240 2881 1337 2970; baseline 0.001 -31"><span class='ocrx_word' id='word_1_205' title='bbox 240 2881 377 2962; x_wconf 84' lang='lat' dir='ltr'><strong>piebaut;</strong></span> <span class='ocrx_word' id='word_1_206' title='bbox 394 2885 445 2946; x_wconf 84' lang='lat' dir='ltr'><strong>aed</strong></span> <span class='ocrx_word' id='word_1_207' title='bbox 461 2885 620 2970; x_wconf 90' lang='lat' dir='ltr'><strong>epicorum,</strong></span> <span class='ocrx_word' id='word_1_208' title='bbox 630 2887 680 2966; x_wconf 91' lang='lat' dir='ltr'><strong>qui</strong></span> <span class='ocrx_word' id='word_1_209' title='bbox 695 2906 749 2946; x_wconf 82' lang='lat' dir='ltr'><strong>usu</strong></span> <span class='ocrx_word' id='word_1_210' title='bbox 764 2887 947 2968; x_wconf 88' lang='lat' dir='ltr'><strong>improbante</strong></span> <span class='ocrx_word' id='word_1_211' title='bbox 957 2883 1169 2964; x_wconf 83' lang='lat' dir='ltr'><strong>producebant.</strong></span> <span class='ocrx_word' id='word_1_212' title='bbox 1211 2881 1243 2940; x_wconf 87' lang='lat' dir='ltr'>M</span> <span class='ocrx_word' id='word_1_213' title='bbox 1248 2893 1337 2942; x_wconf 88' lang='lat' dir='ltr'><strong>utan-</strong></span> 
     </span>
     <span class='ocr_line' id='line_1_27' title="bbox 239 2978 1336 3060; baseline 0.002 -26"><span class='ocrx_word' id='word_1_214' title='bbox 239 2985 288 3035; x_wconf 90' lang='lat' dir='ltr'><strong>tur</strong></span> <span class='ocrx_word' id='word_1_215' title='bbox 302 2987 417 3039; x_wconf 90' lang='lat' dir='ltr'><strong>tantum</strong></span> <span class='ocrx_word' id='word_1_216' title='bbox 432 2981 491 3049; x_wconf 87' lang='lat' dir='ltr'><strong>rei;</strong></span> <span class='ocrx_word' id='word_1_217' title='bbox 518 2983 625 3044; x_wconf 87' lang='lat' dir='ltr'><strong>crimen</strong></span> <span class='ocrx_word' id='word_1_218' title='bbox 648 2983 745 3060; x_wconf 82' lang='lat' dir='ltr'><strong>ipsum</strong></span> <span class='ocrx_word' id='word_1_219' title='bbox 770 3001 828 3042; x_wconf 85' lang='lat' dir='ltr'><strong>non</strong></span> <span class='ocrx_word' id='word_1_220' title='bbox 853 2979 978 3042; x_wconf 85' lang='lat' dir='ltr'><strong>eluitur:</strong></span> <span class='ocrx_word' id='word_1_221' title='bbox 999 2991 1052 3040; x_wconf 89' lang='lat' dir='ltr'><strong>aut</strong></span> <span class='ocrx_word' id='word_1_222' title='bbox 1074 2979 1104 3038; x_wconf 93' lang='lat' dir='ltr'><strong>hi</strong></span> <span class='ocrx_word' id='word_1_223' title='bbox 1128 2989 1180 3038; x_wconf 87' lang='lat' dir='ltr'><strong>aut</strong></span> <span class='ocrx_word' id='word_1_224' title='bbox 1200 2978 1242 3038; x_wconf 92' lang='lat' dir='ltr'><strong>illi</strong></span> <span class='ocrx_word' id='word_1_225' title='bbox 1264 2987 1336 3043; x_wconf 83' lang='lat' dir='ltr'><strong>sunt</strong></span> 
     </span>
     <span class='ocr_line' id='line_1_28' title="bbox 241 3072 1335 3158; baseline 0.002 -28"><span class='ocrx_word' id='word_1_226' title='bbox 241 3072 338 3150; x_wconf 80' lang='lat' dir='ltr'><strong>culpue</strong></span> <span class='ocrx_word' id='word_1_227' title='bbox 352 3073 524 3136; x_wconf 87' lang='lat' dir='ltr'><strong>damnandi.</strong></span> <span class='ocrx_word' id='word_1_228' title='bbox 565 3078 681 3146; x_wconf 75' lang='lat' dir='ltr'><strong>Quibus</strong></span> <span class='ocrx_word' id='word_1_229' title='bbox 703 3089 802 3138; x_wconf 87' lang='lat' dir='ltr'><strong>autam</strong></span> <span class='ocrx_word' id='word_1_230' title='bbox 822 3077 912 3158; x_wconf 89' lang='lat' dir='ltr'><strong>culpa</strong></span> <span class='ocrx_word' id='word_1_231' title='bbox 932 3077 1052 3149; x_wconf 75' lang='lat' dir='ltr'><strong>haereat,</strong></span> <span class='ocrx_word' id='word_1_232' title='bbox 1073 3075 1148 3136; x_wconf 82' lang='lat' dir='ltr'><strong>acitu</strong></span> <span class='ocrx_word' id='word_1_233' title='bbox 1162 3073 1335 3134; x_wconf 79' lang='lat' dir='ltr'><strong>facillimum</strong></span> 
     </span>
    </p>
   </div>
   <div class='ocr_carea' id='block_1_6' title="bbox 242 3167 1337 3444">
    <p class='ocr_par' dir='ltr' id='par_1_11' title="bbox 242 3167 1337 3444">
     <span class='ocr_line' id='line_1_29' title="bbox 242 3167 1335 3254; baseline 0.01 -30"><span class='ocrx_word' id='word_1_234' title='bbox 242 3175 298 3225; x_wconf 82' lang='lat' dir='ltr'><strong>est.</strong></span> <span class='ocrx_word' id='word_1_235' title='bbox 341 3167 471 3230; x_wconf 85' lang='lat' dir='ltr'><strong>Priorem</strong></span> <span class='ocrx_word' id='word_1_236' title='bbox 495 3169 535 3244; x_wconf 92' lang='lat' dir='ltr'><strong>in,</strong></span> <span class='ocrx_word' id='word_1_237' title='bbox 562 3172 622 3244; x_wconf 88' lang='lat' dir='ltr'><strong>ille,</strong></span> <span class='ocrx_word' id='word_1_238' title='bbox 648 3184 689 3246; x_wconf 83' lang='lat' dir='ltr'><strong>et,</strong></span> <span class='ocrx_word' id='word_1_239' title='bbox 716 3191 794 3247; x_wconf 80' lang='lat' dir='ltr'><strong>erae,</strong></span> <span class='ocrx_word' id='word_1_240' title='bbox 817 3183 988 3234; x_wconf 81' lang='lat' dir='ltr'><strong>constanter</strong></span> <span class='ocrx_word' id='word_1_241' title='bbox 1013 3171 1214 3254; x_wconf 84' lang='lat' dir='ltr'><strong>producebant</strong></span> <span class='ocrx_word' id='word_1_242' title='bbox 1236 3169 1335 3249; x_wconf 75' lang='lat' dir='ltr'><strong>epicit</strong></span> 
     </span>
     <span class='ocr_line' id='line_1_30' title="bbox 243 3259 1336 3348; baseline 0.004 -29"><span class='ocrx_word' id='word_1_243' title='bbox 243 3259 352 3322; x_wconf 74' lang='lat' dir='ltr'><strong>Noster</strong></span> <span class='ocrx_word' id='word_1_244' title='bbox 366 3263 513 3326; x_wconf 88' lang='lat' dir='ltr'><strong>interdurn</strong></span> <span class='ocrx_word' id='word_1_245' title='bbox 532 3267 662 3346; x_wconf 91' lang='lat' dir='ltr'><strong>corripit,</strong></span> <span class='ocrx_word' id='word_1_246' title='bbox 685 3271 794 3348; x_wconf 72' lang='lat' dir='ltr'><strong>rapine</strong></span> <span class='ocrx_word' id='word_1_247' title='bbox 817 3267 970 3348; x_wconf 88' lang='lat' dir='ltr'><strong>producit:</strong></span> <span class='ocrx_word' id='word_1_248' title='bbox 992 3266 1073 3346; x_wconf 90' lang='lat' dir='ltr'><strong>quod</strong></span> <span class='ocrx_word' id='word_1_249' title='bbox 1095 3265 1119 3325; x_wconf 91' lang='lat' dir='ltr'><strong>ai</strong></span> <span class='ocrx_word' id='word_1_250' title='bbox 1144 3277 1223 3325; x_wconf 90' lang='lat' dir='ltr'><strong>recte</strong></span> <span class='ocrx_word' id='word_1_251' title='bbox 1247 3275 1336 3324; x_wconf 83' lang='lat' dir='ltr'><strong>etex</strong></span> 
     </span>
     <span class='ocr_line' id='line_1_31' title="bbox 243 3358 1337 3444; baseline 0.008 -28"><span class='ocrx_word' id='word_1_252' title='bbox 243 3375 300 3416; x_wconf 86' lang='lat' dir='ltr'><strong>uau</strong></span> <span class='ocrx_word' id='word_1_253' title='bbox 314 3358 443 3438; x_wconf 88' lang='lat' dir='ltr'><strong>corripit,</strong></span> <span class='ocrx_word' id='word_1_254' title='bbox 456 3371 540 3422; x_wconf 87' lang='lat' dir='ltr'><strong>tanto</strong></span> <span class='ocrx_word' id='word_1_255' title='bbox 552 3363 672 3443; x_wconf 76' lang='lat' dir='ltr'><strong>smpiuo,</strong></span> <span class='ocrx_word' id='word_1_256' title='bbox 686 3365 756 3424; x_wconf 89' lang='lat' dir='ltr'><strong>dum</strong></span> <span class='ocrx_word' id='word_1_257' title='bbox 770 3365 879 3444; x_wconf 78' lang='lat' dir='ltr'><strong>oaepiua</strong></span> <span class='ocrx_word' id='word_1_258' title='bbox 894 3363 1039 3444; x_wconf 86' lang='lat' dir='ltr'><strong>producit,</strong></span> <span class='ocrx_word' id='word_1_259' title='bbox 1052 3371 1167 3442; x_wconf 85' lang='lat' dir='ltr'><strong>peccat.</strong></span> <span class='ocrx_word' id='word_1_260' title='bbox 1200 3360 1337 3440; x_wconf 63' lang='lat' dir='ltr'><strong>Propter,</strong></span> 
     </span>
    </p>
   </div>
   <div class='ocr_carea' id='block_1_7' title="bbox 244 3453 1338 3611">
    <p class='ocr_par' dir='ltr' id='par_1_12' title="bbox 244 3453 1338 3611">
     <span class='ocr_line' id='line_1_32' title="bbox 244 3453 1338 3609; baseline -0.003 -92"><span class='ocrx_word' id='word_1_261' title='bbox 244 3453 324 3609; x_wconf 64' lang='lat' dir='ltr'><strong>apog</strong></span> <span class='ocrx_word' id='word_1_262' title='bbox 336 3455 437 3609; x_wconf 59' lang='lat' dir='ltr'><strong>aspices</strong></span> <span class='ocrx_word' id='word_1_263' title='bbox 451 3475 567 3538; x_wconf 80' lang='lat' dir='ltr'><strong>semper</strong></span> <span class='ocrx_word' id='word_1_264' title='bbox 580 3460 676 3541; x_wconf 89' lang='lat' dir='ltr'><strong>priore</strong></span> <span class='ocrx_word' id='word_1_265' title='bbox 695 3459 787 3540; x_wconf 81' lang='lat' dir='ltr'><strong>longa</strong></span> <span class='ocrx_word' id='word_1_266' title='bbox 800 3471 865 3522; x_wconf 84' lang='lat' dir='ltr'><strong>eat:</strong></span> <span class='ocrx_word' id='word_1_267' title='bbox 888 3461 997 3520; x_wconf 74' lang='lat' dir='ltr'><strong>Noster</strong></span> <span class='ocrx_word' id='word_1_268' title='bbox 1010 3457 1101 3518; x_wconf 78' lang='lat' dir='ltr'><strong>cernel</strong></span> <span class='ocrx_word' id='word_1_269' title='bbox 1114 3456 1243 3535; x_wconf 84' lang='lat' dir='ltr'><strong>corripit,</strong></span> <span class='ocrx_word' id='word_1_270' title='bbox 1256 3454 1338 3514; x_wconf 83' lang='lat' dir='ltr'><strong>And.</strong></span> 
     </span>
     <span class='ocr_line' id='line_1_33' title="bbox 245 3565 374 3611; baseline 0.016 -3"><span class='ocrx_word' id='word_1_271' title='bbox 245 3565 284 3610; x_wconf 89' lang='lat' dir='ltr'><strong>rr.</strong></span> <span class='ocrx_word' id='word_1_272' title='bbox 321 3593 329 3611; x_wconf 95' lang='lat'><strong>.</strong></span> <span class='ocrx_word' id='word_1_273' title='bbox 366 3592 374 3610; x_wconf 94' lang='lat'><strong>.</strong></span> 
     </span>
    </p>
   </div>
   <div class='ocr_carea' id='block_1_8' title="bbox 247 3659 1341 4066">
    <p class='ocr_par' dir='ltr' id='par_1_13' title="bbox 247 3659 1341 4066">
     <span class='ocr_line' id='line_1_34' title="bbox 406 3659 1072 3747; baseline 0.006 -27"><span class='ocrx_word' id='word_1_274' title='bbox 406 3659 528 3743; x_wconf 83' lang='lat' dir='ltr'><strong>Propter</strong></span> <span class='ocrx_word' id='word_1_275' title='bbox 541 3665 669 3747; x_wconf 83' lang='lat' dir='ltr'><strong>bdrpitai</strong></span> <span class='ocrx_word' id='word_1_276' title='bbox 681 3667 804 3746; x_wconf 86' lang='lat' dir='ltr'><strong>bnjuree</strong></span> <span class='ocrx_word' id='word_1_277' title='bbox 818 3663 1072 3726; x_wconf 76' lang='lat' dir='ltr'><strong>consuetudinem.</strong></span> 
     </span>
     <span class='ocr_line' id='line_1_35' title="bbox 247 3755 1341 3843; baseline 0 -27"><span class='ocrx_word' id='word_1_278' title='bbox 247 3757 278 3817; x_wconf 80' lang='lat' dir='ltr'><strong>Si</strong></span> <span class='ocrx_word' id='word_1_279' title='bbox 293 3755 351 3819; x_wconf 88' lang='lat' dir='ltr'><strong>boc</strong></span> <span class='ocrx_word' id='word_1_280' title='bbox 370 3777 407 3819; x_wconf 85' lang='lat' dir='ltr'><strong>ex</strong></span> <span class='ocrx_word' id='word_1_281' title='bbox 420 3763 635 3824; x_wconf 79' lang='lat' dir='ltr'><strong>consuetudine</strong></span> <span class='ocrx_word' id='word_1_282' title='bbox 647 3763 747 3843; x_wconf 76' lang='lat' dir='ltr'><strong>vulgir</strong></span> <span class='ocrx_word' id='word_1_283' title='bbox 769 3781 822 3822; x_wconf 89' lang='lat' dir='ltr'><strong>cur</strong></span> <span class='ocrx_word' id='word_1_284' title='bbox 836 3761 914 3822; x_wconf 89' lang='lat' dir='ltr'><strong>iutra</strong></span> <span class='ocrx_word' id='word_1_285' title='bbox 927 3758 1074 3820; x_wconf 89' lang='lat' dir='ltr'><strong>decimum</strong></span> <span class='ocrx_word' id='word_1_286' title='bbox 1087 3775 1215 3830; x_wconf 80' lang='lat' dir='ltr'><strong>versum,</strong></span> <span class='ocrx_word' id='word_1_287' title='bbox 1229 3766 1261 3818; x_wconf 93' lang='lat' dir='ltr'><strong>et</strong></span> <span class='ocrx_word' id='word_1_288' title='bbox 1273 3757 1341 3817; x_wconf 82' lang='lat' dir='ltr'><strong>ubi-</strong></span> 
     </span>
     <span class='ocr_line' id='line_1_36' title="bbox 247 3853 571 3935; baseline 0.019 -22"><span class='ocrx_word' id='word_1_289' title='bbox 247 3873 304 3932; x_wconf 89' lang='lat' dir='ltr'><strong>que</strong></span> <span class='ocrx_word' id='word_1_290' title='bbox 316 3853 400 3929; x_wconf 83' lang='lat' dir='ltr'><strong>aliaa,</strong></span> <span class='ocrx_word' id='word_1_291' title='bbox 414 3858 571 3935; x_wconf 69' lang='lat' dir='ltr'><strong>producit?</strong></span> 
     </span>
     <span class='ocr_line' id='line_1_37' title="bbox 369 3979 1138 4066; baseline -0.003 -25"><span class='ocrx_word' id='word_1_292' title='bbox 369 3981 419 4042; x_wconf 88' lang='lat' dir='ltr'><strong>Nil</strong></span> <span class='ocrx_word' id='word_1_293' title='bbox 434 3981 551 4066; x_wconf 81' lang='lat' dir='ltr'><strong>prdpter</strong></span> <span class='ocrx_word' id='word_1_294' title='bbox 563 3987 641 4048; x_wconf 89' lang='lat' dir='ltr'><strong>hanc</strong></span> <span class='ocrx_word' id='word_1_295' title='bbox 657 4007 665 4047; x_wconf 77' lang='grc' dir='ltr'><strong>ε</strong></span> <span class='ocrx_word' id='word_1_296' title='bbox 687 3985 739 4048; x_wconf 85' lang='lat' dir='ltr'><strong>aed</strong></span> <span class='ocrx_word' id='word_1_297' title='bbox 754 3983 893 4065; x_wconf 83' lang='lat' dir='ltr'><strong>estquod</strong></span> <span class='ocrx_word' id='word_1_298' title='bbox 908 3992 1064 4045; x_wconf 80' lang='lat' dir='ltr'><strong>succenset</strong></span> <span class='ocrx_word' id='word_1_299' title='bbox 1077 3979 1138 4040; x_wconf 88' lang='lat' dir='ltr'><strong>tibi.</strong></span> 
     </span>
    </p>
   </div>
   <div class='ocr_carea' id='block_1_9' title="bbox 251 4090 1345 4180">
    <p class='ocr_par' dir='ltr' id='par_1_14' title="bbox 251 4090 1345 4180">
     <span class='ocr_line' id='line_1_38' title="bbox 251 4090 1345 4180; baseline 0.002 -29"><span class='ocrx_word' id='word_1_300' title='bbox 251 4091 361 4154; x_wconf 86' lang='lat' dir='ltr'><strong>Eadem</strong></span> <span class='ocrx_word' id='word_1_301' title='bbox 389 4093 566 4176; x_wconf 86' lang='lat' dir='ltr'><strong>reliquorum</strong></span> <span class='ocrx_word' id='word_1_302' title='bbox 590 4097 663 4160; x_wconf 84' lang='lat' dir='ltr'><strong>ratic</strong></span> <span class='ocrx_word' id='word_1_303' title='bbox 687 4107 749 4159; x_wconf 84' lang='lat' dir='ltr'><strong>eut:</strong></span> <span class='ocrx_word' id='word_1_304' title='bbox 771 4097 878 4180; x_wconf 81' lang='lat' dir='ltr'><strong>quibua</strong></span> <span class='ocrx_word' id='word_1_305' title='bbox 906 4095 992 4158; x_wconf 86' lang='lat' dir='ltr'><strong>venia</strong></span> <span class='ocrx_word' id='word_1_306' title='bbox 1019 4090 1149 4176; x_wconf 88' lang='lat' dir='ltr'><strong>quidem,</strong></span> <span class='ocrx_word' id='word_1_307' title='bbox 1176 4091 1345 4172; x_wconf 72' lang='lat' dir='ltr'><strong>praesertim</strong></span> 
     </span>
    </p>
   </div>
   <div class='ocr_carea' id='block_1_10' title="bbox 0 0 1514 4892">
    <p class='ocr_par' dir='ltr' id='par_1_15' title="bbox 0 0 1514 4892">
     <span class='ocr_line' id='line_1_39' title="bbox 0 0 1514 4892; baseline 0 0"><span class='ocrx_word' id='word_1_308' title='bbox 0 0 1514 4892; x_wconf 95' lang='lat' dir='ltr'><strong> </strong></span> 
     </span>
    </p>
   </div>
  </div>
 </body>
</html>
