2948 4890
367 373 415 426 oa
437 375 588 426 courots
615 372 926 426 nrunvstorunus.
1132 361 1195 428 157

98 535 184 597 quam
201 516 355 597 sistartia
369 527 402 578 et
413 519 580 598 oeceptcva's,
594 535 657 596 pro,
672 517 758 590 laxis,
771 527 803 578 et
816 517 961 596 occepsis,
976 515 1094 585 melium
1118 517 1196 578 sicut

96 614 125 672 in
139 613 292 692 Captivis:
308 613 497 692 ‘Numquam
512 614 589 672 istuc
603 611 691 682 dixis,
706 633 801 696 neque
816 613 944 672 animum
959 612 1077 673 induxis
1090 615 1195 672 tunm.’

97 709 236 788 Accipies
251 709 339 768 etiam
354 728 445 767 unum
457 727 494 768 ex
508 707 612 768 eadem
626 707 745 766 fabula:
766 707 855 767 ‘Avis
878 694 924 766 mla
939 707 998 766 iere
1012 709 1194 770 consimilem

97 804 215 875 luciam,
229 813 265 862 ut
277 803 433 882 prmdixti!
473 803 660 864 Adduceram
674 815 755 862 etex
770 803 889 862 Casinas
904 802 1041 882 Prologo,
1057 805 1113 864 nisi
1127 824 1193 866 sus·

96 901 211 980 picarer
225 901 316 960 verba
328 919 396 959 esse
409 899 606 978 transpositas
628 899 832 958 ‘Clerumenae
855 899 921 959 brac
940 909 1062 958 vocatur
1075 900 1192 962 Comoe·

100 995 149 1056 dia
170 995 301 1056 Graece?
342 995 426 1056 Sicut
439 1015 476 1055 ex
496 996 601 1056 eodem
621 996 764 1056 alterum:
786 995 933 1054 ‘Ratione
952 1005 1094 1056 utuntur:
1115 995 1193 1058 ludis

97 1091 243 1150 neminem
259 1093 407 1169 poscunt.¹
449 1091 508 1150 Sed
523 1089 654 1171 proiecto
668 1103 698 1150 et
718 1091 787 1150 alibi
811 1079 1016 1162 multis'locis,
1037 1101 1066 1150 et
1082 1091 1111 1150 in
1126 1091 1193 1153 Ροε-

97 1185 185 1246 nulo:
208 1185 332 1246 ‘Geram
347 1204 494 1264 gamana
508 1197 597 1266 atque
611 1183 727 1266 edepol
744 1190 824 1263 λῆροι
837 1183 951 1260 λήρων.1
983 1185 1027 1245 Ac
1041 1205 1079 1246 ne
1093 1185 1121 1245 in
1135 1187 1193 1247 illis

97 1279 215 1360 quidem
240 1281 366 1340 servavit
391 1281 576 1340 Latinitatem
589 1297 598 1340 t
619 1288 627 1315 ‘
641 1281 686 1340 Ne
700 1291 729 1340 te
743 1281 835 1340 iratus
849 1280 910 1340 suis
923 1280 1010 1339 soevis
1025 1279 1112 1341 dictis
1126 1301 1194 1361 pro·

97 1377 177 1447 telet,
203 1376 287 1436 scio!
327 1376 485 1435 Substituit
505 1376 582 1434 enim
597 1395 650 1456 pro
663 1378 748 1435 mnis
761 1375 861 1445 dictis,
875 1375 1041 1436 saeoidt'ct's:
1061 1387 1093 1436 at
1107 1380 1193 1438 saevi·

97 1471 207 1544 dicum,
228 1471 338 1531 mobile
353 1489 458 1530 nomen
473 1481 537 1538 ests
559 1471 606 1530 cui
630 1470 718 1550 igitur
738 1471 882 1531 haerebit?
903 1489 939 1529 an
955 1470 1003 1531 ille
1018 1473 1128 1533 invenit
1141 1495 1192 1534 us-

96 1585 184 1645 quam
211 1567 243 1625 in
266 1575 380 1625 natum
402 1565 528 1644 legibus,
553 1564 691 1626 accidens
713 1565 778 1625 sine
804 1565 991 1626 subsannat
1032 1568 1066 1626 ln
1088 1569 1192 1630 eadem

97 1671 194 1722 antem
210 1681 300 1722 scena
314 1661 402 1721 etiam
422 1659 530 1738 pedum
546 1679 685 1720 numerus
699 1679 766 1720 cum
779 1661 874 1740 sugit:
896 1681 1021 1740 namque
1035 1663 1190 1726 iambicum

97 1757 243 1818 senarium
257 1754 554 1836 hypercatalecticum
569 1753 644 1814 dixit
657 1754 760 1815 illum:
782 1761 790 1790 ‘
804 1756 871 1814 Non
886 1775 1009 1834 possum
1022 1757 1138 1830 adesse,
1152 1761 1191 1821 ab
1243 1742 1246 1748 ⁵

97 1853 165 1932 quid
178 1851 268 1931 agini
281 1869 341 1931 quo
355 1849 430 1921 abia,
445 1849 598 1930 Antipbol
614 1851 721 1913 mane!
761 1851 861 1911 Habet
873 1853 951 1912 enim
966 1851 1040 1912 duos
1055 1853 1190 1934 dactylos

96 1947 219 2009 alterurn
234 1945 318 2007 alteri
334 1947 508 2005 subeuntem
523 1955 592 2004 ante
610 1957 788 2028 postremum
803 1946 941 2007 iambum.
982 1947 1078 2027 AEque
1092 1961 1190 2011 autem

95 2041 281 2104 incommode
294 2061 330 2102 ex
346 2040 677 2100 Heautontimorumeno
702 2041 1015 2122 brachycatalecticum
1031 2045 1192 2106 nominavit

95 2135 186 2209 illum,
207 2137 238 2196 in
263 2153 322 2214 quo
346 2133 506 2215 periculum
529 2135 626 2212 potius
646 2135 788 2207 imminet,
809 2137 932 2216 nequid
946 2137 1112 2200 redundett
1134 2140 1191 2200 ‘Et

95 2231 173 2292 illam
197 2231 285 2292 simul
308 2250 375 2291 cum
398 2231 502 2290 nuntio
523 2231 575 2290 tibi
598 2230 646 2290 bic
668 2251 725 2310 ego
744 2231 898 2292 affuturam
912 2233 1000 2294 bodie
1014 2234 1096 2296 scio.'
1137 2235 1192 2296 Est

96 2327 172 2388 enim
184 2326 348 2406 quadratus
363 2326 517 2387 iambicus.
559 2327 644 2387 Sicut
664 2327 746 2387 illum
770 2347 887 2407 quoque
910 2330 1005 2389 minus
1019 2332 1094 2390 bene
1108 2343 1191 2390 octo-

96 2423 209 2482 narium
222 2422 539 2503 hypercatalecticum:
560 2429 569 2457 ‘
583 2423 697 2484 Probe:
719 2423 787 2484 huic
801 2423 891 2483 filiurn
902 2425 961 2484 scis
973 2425 1060 2486 essel
1080 2426 1191 2499 audivi,

96 2519 124 2576 in
140 2519 232 2579 Asia:
254 2538 313 2578 non
327 2527 375 2579 est
388 2517 492 2598 pater!
532 2517 619 2592 Nam,
641 2521 666 2580 si
687 2520 814 2580 iambum
829 2521 859 2578 in
874 2521 967 2600 prima
980 2521 1050 2582 sede
1065 2533 1190 2596 statuas,

96 2623 125 2672 et
146 2615 290 2674 creticum
312 2615 342 2673 in
366 2613 498 2674 secunda
520 2615 559 2674 ob
584 2615 770 2694 positionem,
791 2627 843 2684 aut
863 2615 1012 2695 dactylum
1033 2637 1070 2677 ex
1084 2627 1191 2678 natura

96 2709 231 2788 syllabae,
248 2709 431 2788 septenarius
445 2721 502 2770 est.
534 2708 605 2781 Sed,
617 2709 707 2781 audii,
722 2709 970 2790 pronuntiandum
982 2721 1038 2778 est,
1053 2722 1096 2782 ut,
1109 2711 1191 2783 Asia,

95 2807 134 2866 sit
153 2816 336 2886 anapestus.
378 2805 431 2864 Sin
454 2805 540 2865 malis
562 2805 753 2876 trochaicum,
778 2824 837 2864 non
861 2803 987 2864 collidas
1009 2803 1190 2880 adverbium,

95 2905 196 2982 probe,
216 2902 317 2962 eterit
331 2911 501 2981 anapestus
516 2900 611 2980 prima
634 2900 664 2959 in
689 2899 771 2971 sede,
792 2899 904 2979 eritque
927 2900 1107 2972 octonarius,
1130 2912 1212 2962 tro·.

95 3001 226 3072 cbaicus,
247 2997 448 3068 catalecticus,
462 3007 504 3068 et,
518 2997 600 3070 Asia,
614 2995 801 3076 bisyllabum.
845 2995 878 3054 ln
894 2988 1069 3054 Phormione
1084 2997 1192 3060 frustra

94 3096 210 3155 laborat
225 3091 446 3173 transponendo
460 3094 561 3164 verba,
581 3109 615 3152 ut
628 3092 756 3154 numeris
776 3089 924 3162 consulat,
944 3109 980 3150 eo
1002 3109 1105 3150 versu:
1129 3093 1191 3151 ‘Ut

95 3191 131 3250 ad
147 3209 246 3270 pauca
261 3189 389 3260 redeam,
404 3207 440 3247 ac
454 3189 568 3248 mittam
582 3187 661 3246 illius
676 3185 821 3265 ineptias.'
863 3183 980 3244 Mavult
992 3184 1033 3244 ita
1046 3185 1122 3266 lagi:
1137 3187 1192 3250 Ad

89 3305 188 3365 posco
201 3293 237 3346 sl
251 3283 374 3345 rodem.
416 3284 458 3342 At
470 3301 539 3342 vero
552 3283 682 3354 verbum,
705 3279 833 3352 redeam,
855 3279 1031 3359 bisyllabum
1045 3301 1122 3354 esse,
1143 3283 1189 3344 vel

94 3383 244 3443 sexcentis
258 3379 341 3451 locis,
355 3379 405 3440 ubi
419 3397 494 3458 opus
508 3387 565 3449 est,
579 3387 708 3438 constat.
737 3376 846 3436 Eximit
859 3375 946 3435 etiam
958 3375 1087 3436 vocalem
1102 3377 1190 3457 hujus

93 3476 324 3557 praepositionis,
346 3493 410 3552 per,
433 3491 468 3533 eo
489 3491 575 3532 versu
589 3471 812 3551 Adelphorum:
834 3469 912 3530 ‘Per
925 3472 1144 3551 oppressionem
1159 3483 1191 3532 ut

93 3572 171 3634 banc
185 3571 259 3631 mihi
272 3571 382 3650 eripere
395 3568 545 3648 postulet!
576 3570 708 3640 atvero,
722 3566 794 3646 quid
808 3566 896 3626 suevit
909 3564 1015 3636 dicere,
1031 3565 1190 3646 Proppres·

93 3667 229 3728 sionem?
250 3685 357 3746 nempe
375 3663 515 3744 frigidum
529 3663 688 3725 admodum
702 3673 759 3732 est,
780 3681 817 3722 ne
832 3661 929 3722 dicam
943 3660 1114 3734 absurdum,
1136 3682 1189 3722 no·

91 3785 160 3825 vnm
174 3765 258 3842 fugae
272 3781 377 3841 gemm
399 3780 459 3840 quo
472 3762 561 3821 evitet
574 3760 714 3821 creticum
736 3756 855 3818 fatalem
876 3757 977 3816 illum:
999 3774 1067 3814 cnm
1091 3765 1189 3816 tamen

92 3859 168 3920 adeo
182 3859 310 3920 molliter
327 3857 507 3938 pronuntiari
521 3857 626 3936 possit,
646 3866 680 3916 ut
692 3855 740 3914 vix
755 3854 881 3912 divertat
894 3871 913 3910 a
926 3859 1031 3910 natura
1045 3849 1190 3928 spondaei.

92 3955 151 4014 Sed
162 3956 229 4036 jam
241 3973 345 4015 vereor
354 3972 392 4012 ne
406 3951 472 4031 quis
487 3971 598 4023 eorum,
613 3971 689 4031 quos
702 3949 751 4010 ille
766 3947 866 4008 multis
879 3945 952 4006 locis
967 3945 1071 4023 premit
1083 3945 1189 4006 fabulis

92 4063 183 4131 atque
204 4050 317 4122 irridet,
337 4059 461 4128 reponat
485 4047 512 4108 ei
537 4048 680 4127 gratiam:
701 4065 768 4106 cum
790 4044 820 4102 in
836 4043 934 4114 verbo,
954 4041 1081 4120 postulo,
1096 4041 1191 4102 sciant

92 4149 127 4207 ab
142 4149 212 4228 ipso
225 4157 372 4216 exemtam
388 4143 513 4204 mediam
530 4143 670 4204 vocalem.
713 4143 825 4220 Magno
839 4137 918 4198 enim
939 4137 968 4196 in
991 4135 1120 4216 periculo
1134 4149 1190 4211 est,
