2948 4890
262 393 325 460 138
568 407 703 458 tutius
726 407 855 458 ossas
879 407 1064 460 sosarnus

261 561 417 630 captarunt
438 549 532 621 multi,
556 559 586 610 et
606 567 664 608 non
680 549 764 628 pauci
778 560 930 610 errarunt:
951 549 1029 610 sicut
1045 559 1076 610 et
1089 548 1142 620 illi,
1168 549 1219 630 qui
1234 549 1352 612 reddere

261 647 417 708 voluerunt
429 646 572 706 rationem
586 665 740 706 versuum:
761 665 828 706 curn
843 645 891 706 alii
911 655 1013 706 essent
1026 646 1195 718 curtissimi,
1210 646 1259 706 alii
1282 646 1353 708 adeo

261 744 354 824 longi,
376 755 409 803 ut
432 742 503 802 mihi
525 742 613 804 libeat
637 763 704 803 cum
729 741 868 804 Plautino
882 743 1021 821 trapezita
1040 742 1145 822 jocari,
1167 741 1237 803 dum
1261 763 1351 804 unam

263 839 370 912 scribo,
383 839 511 919 explerit
530 838 600 897 mihi
618 851 695 900 totas
709 858 793 900 ceras
808 849 954 918 quatuor:
977 849 1106 918 quantus
1121 839 1170 898 ille
1184 851 1283 901 estex
1298 841 1354 899 Eu·

263 935 381 996 nucho:
413 935 474 995 ‘Et
488 935 643 1014 magnilica
657 936 767 994 verba:
789 935 878 994 rerba
892 933 962 993 dum
978 935 1054 1003 sint:
1076 953 1187 1008 rerum,
1202 936 1227 995 si
1241 935 1281 995 ad
1296 955 1355 996 ram

262 1032 459 1104 conserentur,
473 1031 642 1112 vapulabit!
684 1031 872 1110 Quanquam,
887 1029 935 1090 hic
949 1047 1067 1110 quoque
1082 1031 1188 1092 abillis
1204 1032 1358 1106 dissentio,

264 1129 369 1219 sioque
383 1126 458 1186 duos
474 1146 576 1186 senua
595 1145 679 1186 esse:
695 1127 818 1206 priorem
833 1125 1012 1185 trochaicum
1027 1125 1182 1186 dimetrum
1195 1127 1357 1208 brachyca-

263 1224 443 1296 talectioom,
457 1223 582 1283 alterum
604 1223 796 1281 octonarium.
839 1222 915 1280 Nam
939 1221 980 1281 sic
995 1221 1204 1300 pronuntiauit,
1228 1233 1273 1296 ut,
1291 1243 1358 1284 conr

255 1319 398 1390 dixisset,
419 1317 478 1378 ‘Et
492 1317 648 1396 magnifica
665 1318 773 1388 verba‚'
793 1317 934 1388 substitit,
950 1318 1100 1396 affixitque
1121 1318 1161 1378 ibi
1174 1321 1358 1398 propositum

146 1417 150 1424 ’
262 1419 293 1478 in
307 1415 422 1476 serbis:
444 1427 548 1493 postea
570 1409 656 1472 simul
679 1432 746 1473 cnm
770 1431 801 1472 re
815 1413 938 1473 mutavit
952 1414 1137 1486 sententiam,
1156 1425 1189 1474 ut
1203 1433 1256 1494 pro
1271 1416 1357 1476 lactis

265 1513 345 1572 iacta
368 1509 512 1582 redderet,
532 1519 563 1568 et
586 1509 707 1568 verbera
731 1507 922 1570 minitaretur.
965 1508 1131 1570 Priscianus
1159 1510 1357 1572 distinotionis
1466 1571 1467 1594 ,

264 1607 512 1668 osusabreviores
526 1606 651 1664 insertos
666 1623 768 1681 versus
789 1603 871 1664 dicit.
911 1603 1020 1664 Verum
1043 1623 1139 1684 neque
1152 1605 1213 1677 ille,
1234 1605 1358 1668 distinc-

265 1705 307 1764 tio
321 1702 469 1783 hecquid
493 1712 583 1774 esset,
606 1700 785 1762 declararit:
807 1720 903 1782 aeque
923 1719 989 1774 nos,
1013 1701 1084 1780 quid
1108 1701 1163 1762 sibi
1180 1701 1262 1774 velit,
1285 1721 1356 1762 sane
1466 1727 1467 1744 ¹

264 1801 383 1862 scimus.
425 1799 501 1860 Nam
525 1819 592 1879 quaa
616 1798 766 1860 distinctio
790 1817 857 1858 ease
883 1798 981 1870 debet,
996 1817 1054 1858 non
1080 1799 1176 1858 solum
1199 1797 1304 1858 eadem
1326 1801 1355 1858 in

265 1915 364 1968 scena,
387 1896 549 1957 sedetiam
577 1895 724 1976 persona?
756 1916 859 1976 quaere
885 1895 915 1954 in
941 1895 1033 1975 prirna
1061 1915 1151 1955 scena
1174 1895 1355 1974 gravissimae
1466 1955 1467 1966 ,

264 1991 425 2052 Comoediae
440 1990 685 2072 Amphitryonis?
706 1993 775 2071 lpso
789 1992 866 2051 enim
879 1993 1012 2072 ingressu
1027 1991 1125 2050 statim
1140 2010 1287 2070 nusquam
1302 1993 1356 2052 sibi

259 2098 391 2152 constat.
434 2088 622 2167 Autqualsm
645 2089 675 2148 in
698 2107 734 2150 ea
756 2108 855 2161 scena,
870 2088 899 2147 in
922 2107 982 2168 qua
1007 2087 1178 2167 Pamphilus
1202 2088 1241 2148 de
1264 2089 1355 2168 patris
1415 2147 1416 2150 ,

265 2183 374 2245 duritia
386 2183 535 2265 queritur?
555 2185 605 2264 qui
627 2184 656 2244 in
671 2184 775 2246 eodem
790 2197 962 2265 argumento
980 2185 1188 2265 propositoque
1210 2195 1356 2264 perstaret

263 2279 494 2360 conquestionis,
514 2289 545 2341 et
565 2280 739 2342 tetrametris
761 2279 836 2340 illud
858 2279 980 2340 inseruit
1002 2279 1176 2341 dimetrum:
1206 2280 1315 2350 ‘Quod
1329 2282 1354 2340 si

262 2377 307 2449 tit,
322 2396 409 2456 pereo
432 2375 584 2438 hunditus?
624 2375 692 2449 Alii,
716 2385 750 2436 ut
769 2376 825 2436 sihi
842 2375 1027 2448 ridebantur,
1049 2376 1204 2448 acutiores,
1226 2395 1243 2436 e
1268 2377 1355 2436 rebus

262 2471 336 2551 ipsis
351 2471 429 2544 duci,
451 2491 509 2531 aon
525 2471 621 2532 solum
638 2471 748 2551 pedum
770 2481 890 2544 statum,
904 2481 957 2532 aut
968 2489 1097 2543 cursum,
1112 2471 1165 2532 sed
1188 2471 1276 2531 etiam
1291 2491 1355 2533 rer·

264 2585 350 2628 suum
364 2576 474 2628 tractus
489 2566 661 2646 prodidere:
682 2567 713 2626 in
728 2586 757 2627 re
772 2567 942 2648 perturbata
954 2567 1060 2628 mutari
1074 2587 1187 2642 versus,
1202 2567 1355 2648 pedesque

262 2666 343 2746 ipsos
358 2663 520 2724 confundi:
542 2663 571 2722 in
587 2663 736 2724 celeritate
760 2662 926 2724 trochaicos
941 2662 1038 2722 trudi:
1060 2663 1196 2743 gravibus
1220 2665 1354 2743 personis

263 2761 399 2822 statarios
414 2780 562 2822 sermones
581 2761 699 2822 confieri
723 2780 760 2822 ex
782 2759 944 2842 spondaeis.
985 2759 1120 2821 Afferunt
1133 2759 1192 2820 huo
1216 2779 1277 2820 non
1291 2771 1351 2822 tam

258 2875 316 2936 pro
330 2866 416 2929 teste,
429 2877 517 2936 quam
532 2876 584 2936 pro
593 2857 695 2937 judice
709 2858 902 2938 virgilianam
918 2856 1114 2936 prudentiam,
1129 2854 1257 2916 divinam
1271 2857 1351 2918 illam

263 2969 336 3014 sane
359 2951 447 3012 mihi:
468 2952 519 3031 qui
541 2971 600 3013 rem
615 2953 768 3014 verborum
783 2953 877 3012 nitore
895 2971 930 3014 ao
949 2971 1140 3014 numerorum
1153 2952 1354 3014 concinnitate

262 3047 358 3110 oculis
373 3048 518 3126 subjiciat.
561 3049 625 3127 Ego
647 3067 726 3121 nero,
748 3058 783 3108 ut
795 3049 899 3110 horum
913 3048 1094 3129 diligentiam
1109 3059 1263 3109 veneratus
1278 3067 1353 3121 sum,

261 3161 352 3224 quam
364 3142 499 3223 equidem
519 3151 602 3202 tanto
617 3143 716 3204 studio
739 3143 770 3204 in
794 3145 866 3204 meis
882 3146 1025 3224 poematis
1049 3145 1209 3224 exprimere
1230 3155 1354 3206 conatos

261 3239 382 3306 fuerima
398 3239 440 3298 ita
458 3239 488 3297 in
503 3237 662 3300 Comoediis
677 3240 782 3300 falsam
797 3239 884 3300 simul
898 3250 986 3320 atque
998 3259 1246 3320 supervacaneam
1260 3241 1354 3300 anim-

261 3333 384 3396 adverti.
427 3334 514 3404 Nam,
539 3333 563 3394 si
587 3336 617 3394 in
638 3355 828 3416 personarum
843 3339 968 3398 statibus
983 3337 1117 3410 dirersis,
1135 3339 1160 3396 si
1184 3337 1215 3396 iu
1236 3347 1356 3398 contra·

260 3431 309 3492 riis
324 3430 460 3509 negotiis,
472 3431 495 3491 si
509 3431 538 3490 iu
555 3430 730 3494 Pabularum
742 3435 1010 3516 partibusmaxime
1023 3435 1097 3494 iuter
1108 3453 1141 3494 se
1151 3432 1354 3506 dissimilibus,

260 3527 337 3588 idern
352 3546 416 3606 pes,
439 3526 517 3586 idem
539 3527 648 3608 pedum
670 3529 753 3602 ordo,
775 3529 854 3590 idem
875 3531 1036 3590 carminum
1050 3549 1144 3610 genus
1158 3527 1355 3598 ostendatur,

256 3624 318 3704 jam
330 3624 412 3684 nulla
425 3643 517 3685 causa
526 3635 582 3698 est,
593 3627 665 3704 quin
678 3625 782 3686 horum
798 3627 953 3699 sententia,
963 3638 1104 3706 tanquam
1116 3643 1202 3698 vona,
1211 3625 1355 3704 exploda-

260 3731 317 3782 tur.
361 3721 438 3801 Ergo
452 3722 481 3786 in
496 3721 594 3781 divina
607 3723 730 3796 Fabula,
744 3742 779 3783 ac
792 3743 859 3784 rere
873 3724 1022 3794 thesauro,
1037 3741 1125 3801 quam
1140 3721 1197 3781 leri
1215 3721 1302 3781 nimis
1316 3722 1354 3783 de

259 3817 558 3878 causaTrinummura
570 3817 859 3897 inscripsitPlautus,
868 3817 995 3899 protasis
1007 3818 1136 3877 trimetro
1150 3815 1277 3875 iambico
1291 3829 1355 3878 tots

255 3923 396 3978 constat:
417 3915 486 3974 item
501 3914 633 3992 epitasis,
644 3927 706 3975 turn
720 3915 924 3992 catastrophs;
947 3913 1066 3972 Stichus
1087 3911 1276 3984 econtrario,
1291 3911 1355 3973 tota

259 4009 414 4069 trochaicis
429 4008 538 4089 longis.
578 4011 613 4069 In
628 4010 812 4071 Mostellaria
825 4010 1005 4071 adolescenti
1021 4007 1227 4079 Philolacheti,
1239 4009 1351 4070 homini

259 4103 374 4183 perdito
389 4103 469 4178 luxu,
484 4115 571 4184 atque
589 4105 650 4166 otio
664 4116 812 4185 corrupto,
835 4107 942 4188 quique
956 4123 1044 4166 unam
1059 4105 1149 4164 modo
1163 4123 1222 4163 rem
1240 4117 1353 4183 ageret,

259 4211 293 4262 ut
311 4199 465 4264 inserviret
486 4201 591 4275 ventri,
606 4200 668 4264 dati
692 4223 794 4266 teratu
815 4215 885 4265 sunt
908 4203 986 4264 omni
1011 4201 1118 4282 pedum
1145 4219 1229 4280 paene
1244 4221 1351 4280 genere
