2948 4890
247 373 312 438 106
445 388 606 438 rosuurs
630 389 863 438 runononror
889 389 1098 440 annuorum

288 531 347 600 Qui
362 529 399 592 de
410 530 559 590 nominum
574 529 757 609 propriorum
768 539 867 611 etymo
878 542 908 590 et
921 532 1160 614 interpretatione
1172 536 1258 616 plura
1268 543 1339 601 scire

247 627 335 699 volet,
350 627 417 688 huic
432 626 586 688 adeundus
599 636 647 687 est
660 627 798 706 Cratylus
813 627 959 690 Platonis.

289 725 429 786 Erasmus
453 724 482 784 ln
498 724 716 784 Commentario
731 724 770 786 de
794 726 903 786 Rerum
926 727 1037 806 Copia:
1060 729 1173 788 Comici
1195 731 1340 809 praecipue

247 821 416 883 varietatem
430 820 459 878 in
474 819 606 899 ejusdem
621 841 739 900 quoque
754 823 870 900 generis
884 823 1018 902 personis
1030 823 1183 883 affectasse
1196 823 1339 886 ridentur.

247 915 328 984 Quid
343 918 421 977 enim
435 917 618 990 dissimilius,
640 937 729 998 quam
753 919 865 979 Demos
880 939 915 978 ac
939 919 1026 980 Mitio
1049 919 1128 998 apud
1150 920 1340 981 Terentium?

248 1012 379 1081 Quorum
393 1013 441 1074 hio
456 1033 522 1074 cum
537 1015 626 1074 etiam
649 1015 820 1094 gravissime
840 1015 933 1077 lilium
957 1016 1103 1096 objurgat,
1127 1017 1255 1076 blandus
1277 1031 1338 1080 est:

246 1110 306 1183 ille,
318 1129 384 1170 cnm
399 1110 525 1170 maxime
538 1109 699 1184 blanditur,
711 1111 929 1172 amarulentus:
945 1123 975 1172 et
987 1123 1086 1173 tamen
1101 1123 1223 1194 uterque
1240 1135 1340 1188 senex,

247 1218 335 1286 atque
350 1205 426 1268 adeo
440 1207 554 1268 iratres.
597 1207 677 1277 Quid
694 1207 849 1281 diversius,
864 1227 952 1288 quam
967 1209 1108 1272 Chremes
1124 1231 1238 1291 semper
1251 1212 1340 1291 placi·

245 1302 303 1362 dus
318 1323 354 1364 ac
367 1303 472 1376 civilis,
486 1313 517 1364 et
531 1303 612 1364 Simo
626 1304 783 1366 vehemens
798 1325 833 1365 ac
845 1305 1049 1385 suspiciosus?
1064 1306 1138 1368 Item
1150 1327 1239 1386 quam
1254 1307 1339 1367 Pam·

245 1399 343 1480 philus
368 1400 518 1473 cordatus,
542 1410 573 1462 et
596 1401 741 1462 Charinus
764 1402 851 1482 inops
866 1403 954 1462 animi
968 1403 1165 1484 consiliique?
1186 1402 1266 1472 Quid
1280 1413 1340 1476 tam

246 1496 399 1570 dissimile,
421 1517 510 1576 quam
531 1498 670 1559 Phaedria
683 1519 751 1560 cnm
772 1500 874 1560 morbo
899 1519 1046 1579 pugnans,
1069 1510 1100 1562 et
1121 1499 1246 1561 Chaerea
1268 1501 1340 1560 nihil

244 1592 357 1654 hahens
372 1594 479 1674 pensil
494 1595 621 1656 Multum
636 1596 704 1658 item
718 1596 841 1656 intereat
853 1595 929 1656 inter
943 1596 1060 1658 Davum
1074 1597 1339 1676 pertinacissimum

246 1690 385 1769 sperandi
399 1701 557 1765 auctorem,
580 1703 610 1752 et
631 1692 784 1772 Byrrhiam
804 1692 875 1753 nihil
895 1703 1002 1772 preter
1016 1693 1254 1772 desperationem
1268 1693 1339 1754 alle·

244 1797 366 1848 rentem.
408 1787 568 1850 Plurimum
582 1789 658 1850 inter
670 1789 832 1870 parasitum
846 1788 1048 1862 Gnathonem,
1066 1799 1097 1850 et
1110 1788 1339 1850 Phormionem:
1464 1793 1465 1842 l

243 1893 274 1944 et
288 1886 325 1943 ab
339 1895 463 1964 utroque
477 1885 566 1966 longe
579 1885 726 1946 dissident
738 1885 858 1968 parasiti
881 1886 1021 1958 Plautini,
1045 1885 1295 1966 quemadmodum
1309 1899 1339 1947 et

245 1978 333 2057 hujus
348 1983 514 2042 meretrices
539 1983 762 2044 aTerentianis
785 1981 943 2062 plurimum
967 1982 1147 2063 discrepant.
1187 1982 1341 2042 Terentius

245 2077 412 2138 meretrices
426 2079 638 2159 propemodum
652 2081 746 2140 bonas
760 2080 856 2160 lingit,
867 2078 957 2140 veluti
972 2078 1104 2140 Philotin
1118 2089 1150 2139 et
1166 2079 1342 2140 Bacchidem

244 2172 275 2232 in
290 2172 426 2254 Hecyra:
442 2175 566 2238 Plautus
581 2197 668 2238 senes
683 2190 826 2250 amantes,
841 2195 877 2236 ac
891 2175 1024 2248 festivos,
1036 2185 1067 2236 et
1076 2176 1217 2236 uxoribus
1228 2185 1343 2236 vetera·

245 2270 318 2330 torie
339 2272 544 2354 imponentes:
565 2293 736 2354 quanquam
750 2275 824 2336 alias
840 2275 1012 2334 Euclionem
1026 2273 1195 2353 prodigiose
1208 2282 1343 2333 tenacem

245 2385 281 2426 ac
296 2367 491 2447 suspiciosum
505 2371 585 2432 lacit.
629 2371 783 2434 Hactenus
799 2373 950 2434 Erasmus.

285 2463 404 2526 Andros
417 2467 515 2527 insula
529 2479 585 2540 est,
598 2487 660 2528 una
669 2487 706 2528 ex
718 2467 911 2548 Cycladibus,
922 2468 952 2526 in
964 2465 1042 2528 Mari
1052 2465 1167 2546 AEgaso,
1178 2466 1215 2526 ab
1227 2464 1342 2538 Andro,

245 2559 314 2620 Anii
329 2561 399 2635 lilio,
413 2565 508 2642 quiin
522 2566 716 2644 earegnavit,
730 2584 839 2626 nomen
853 2565 965 2624 sortita.
1001 2563 1093 2624 Porro
1107 2562 1242 2641 AEgreum
1257 2562 1342 2620 Mare

244 2655 333 2717 hodie
348 2660 446 2718 nautis
461 2661 551 2740 vulgo
565 2661 672 2722 dicitur
686 2661 840 2740 Archipsl,
857 2659 1007 2720 nonnullis
1022 2659 1235 2738 Archipslogo.
1282 2659 1343 2716 An·

245 2754 315 2814 dros
331 2773 410 2814 nunc
425 2755 531 2816 iisdem
542 2766 665 2817 vocatur
674 2755 789 2828 Andro,
804 2755 951 2835 plerisque
962 2755 1084 2815 Andria.
1127 2753 1206 2813 Hinc
1220 2751 1343 2832 adjecti·

243 2869 314 2911 rum
333 2852 475 2926 Andrias,
500 2853 580 2913 uude
593 2853 704 2914 ethuic
720 2853 841 2912 Fabulae
855 2871 972 2912 nomen.
1014 2851 1135 2922 AEneas,
1160 2849 1202 2910 ait
1216 2848 1343 2909 Lactan-

244 2947 315 3019 tius,
339 2967 406 3010 cum
427 2959 510 3029 patre
531 2950 663 3010 Anchise
686 2960 717 3010 et
736 2949 798 3010 filio
811 2949 942 3009 Ascanio
964 2948 1108 3029 profugus
1130 2945 1237 3006 Delum
1251 2946 1342 3006 venit.

246 3045 304 3104 Hic
318 3047 356 3104 ab
371 3047 459 3120 Anio,
474 3045 629 3106 sacerdote
644 3045 802 3128 Apollinis,
816 3044 954 3124 recipitur
968 3043 1107 3124 hospitio,
1131 3041 1182 3122 qui
1194 3041 1253 3102 illis
1267 3040 1343 3100 indi·

245 3151 305 3213 cat,
319 3142 449 3221 quinque
464 3161 496 3202 aa
509 3141 634 3203 filiarum
649 3153 799 3223 parentem
813 3143 916 3202 orbum
929 3140 1072 3200 relictum.
1106 3138 1240 3200 Andrum
1253 3138 1343 3208 enirn,

244 3257 265 3298 a
277 3257 337 3317 quo
351 3238 470 3298 Andros
483 3239 592 3312 insula,
606 3239 760 3320 reliquisse
773 3240 907 3320 patriam,
919 3243 975 3299 &a
1004 3235 1130 3298 Ovidius
1144 3236 1217 3296 libro
1228 3232 1343 3294 decimo

245 3335 331 3396 tertio
346 3335 541 3418 Metamorph.
556 3337 594 3398 de
609 3339 704 3398 AEnea
717 3337 860 3418 loquens:

327 3465 416 3524 Hunc
430 3465 535 3539 Anius,
549 3486 608 3546 quo
624 3487 691 3546 rege
705 3466 848 3538 homines,
863 3463 994 3524 antistite
1009 3459 1140 3520 Phoebus

327 3561 395 3623 Rite
409 3561 571 3634 colebatur,
586 3562 756 3644 temploque
769 3562 916 3642 domoque
930 3557 1050 3638 recepit.

246 3707 350 3788 Virgil.
366 3727 485 3789 quoque
499 3708 573 3770 libro
587 3709 674 3770 tertio
688 3706 804 3768 AEneid.
819 3706 858 3768 de
871 3705 969 3768 insula
984 3703 1060 3765 Delo
1074 3702 1164 3762 rerba
1178 3700 1291 3762 iaciens
1305 3719 1313 3758 :

536 3823 656 3902 Egressi
669 3839 842 3882 veneramur
856 3817 1003 3899 Apollinis
1016 3816 1130 3876 urbem.

328 3918 394 3977 Rex
407 3918 513 3991 Anius,
533 3939 584 3980 rex
598 3917 677 3979 idern
691 3918 852 3989 hominum,
866 3915 1028 3993 Phoebique
1043 3907 1194 3979 sacerdos,

326 4015 416 4076 Vittis
431 4025 462 4074 et
475 4034 559 4075 sacra
573 4015 723 4076 redimitus
737 4023 872 4094 tempora
884 4011 967 4071 lauro

326 4110 482 4172 Occurrit:
503 4122 631 4171 veterem
645 4110 796 4170 Anchisen
813 4107 949 4188 agnoseit
962 4106 1099 4166 amicum.

326 4206 484 4286 Jungimus
496 4207 625 4288 hospitio
640 4207 770 4281 dextras,
787 4214 818 4266 et
831 4213 911 4268 tecta
924 4201 1064 4265 subimus.
