2958 4892
266 373 331 438 trs
569 383 784 436 rosemuns
807 381 1057 432 censeamus

267 531 437 612 quisirimus
451 529 603 601 nonnulla,
623 549 691 609 quo
705 529 800 590 minus
814 528 1030 606 explicarentur
1043 529 1139 600 nobis,
1152 539 1183 588 et
1192 527 1357 589 siderentur

268 624 429 686 secundum
444 624 610 694 Platonem,
633 631 682 684 τοῦ
696 624 796 698 tarpeis
818 621 930 682 delardus
950 621 1065 696 βοηιοῡ,
1080 627 1153 682 auru
1167 623 1222 682 οὔτ’
1235 625 1359 701 ἀμύνασ-

270 727 328 792 θαι,
342 721 405 780 οὔτε
425 719 566 795 βοηθῆσαι
589 719 695 780 δυνατὰ
719 721 820 778 αὑτοῖς.
861 718 910 776 Ad
934 737 1073 778 numeros
1087 739 1223 778 versuum
1236 720 1360 778 comico·

270 836 333 876 rum
347 815 547 895 expediendos
570 814 750 876 assumenda
768 825 837 874 sunt
861 832 897 874 ea
919 833 987 892 quea
1010 813 1108 874 Greci
1121 816 1197 887 aas„
1210 814 1360 874 nominant

269 917 378 985 λέξεως,
393 909 500 988 quibus
521 919 550 968 et
567 909 727 968 dilatantur
741 919 771 968 et
785 907 999 968 contrahuntur
1013 908 1167 970 dictiones.
1208 908 1302 988 quue
1317 909 1358 966 ni·

269 1007 373 1066 mirum
388 1017 450 1065 tum
463 1003 617 1082 loquentes
632 1003 824 1063 communiter
838 1003 979 1073 iecerunt,
999 1013 1032 1063 ιιι
1051 1003 1181 1082 pluribus
1196 1017 1247 1064 aut
1261 1004 1358 1083 pauci·

270 1101 369 1160 oribus
384 1099 505 1182 syllabis
514 1100 602 1158 verba
615 1099 813 1170 enuntiarent,
820 1117 909 1175 quam
918 1117 972 1157 nos
984 1096 1177 1177 descriptura,
1192 1109 1243 1158 ant
1257 1117 1359 1160 secun·

269 1195 341 1256 dum
369 1195 511 1254 rationem
536 1213 671 1254 versuum
697 1193 781 1253 nobis
810 1203 920 1254 notam.
964 1193 1010 1253 De
1037 1213 1096 1272 qua
1118 1213 1149 1254 re
1173 1195 1358 1254 nuncetiam

269 1290 395 1351 breviter
408 1289 544 1369 quasdam
560 1289 792 1350 memorabimus.

310 1387 480 1445 Dilatantur
503 1385 593 1444 verba
612 1383 816 1455 dissolutione,
841 1401 896 1442 seu
919 1383 1061 1443 divisione
1081 1382 1271 1463 syllabarum,
1293 1403 1358 1462 quo

269 1479 469 1555 estdrulpeoss.
514 1477 885 1552 Ut¹iam,’drosul.ldssus.
926 1478 1015 1546 Quod
1030 1489 1059 1538 et
1074 1479 1216 1538 Scaurum
1233 1480 1356 1538 Rufinus

270 1575 312 1635 ait
324 1575 482 1647 indicasse,
500 1574 551 1654 qui
572 1573 684 1633 diceret
707 1571 736 1630 iu
757 1570 906 1631 Pseudolo
932 1580 1031 1631 ‘nunc
1044 1574 1121 1632 iam'
1141 1593 1206 1632 esse
1220 1583 1279 1633 tres
1301 1573 1358 1653 syl·

269 1671 363 1741 iubas,
378 1679 409 1728 et
428 1669 567 1728 Plautum
588 1667 725 1726 divisisse
745 1665 840 1744 ‘jam'
866 1667 896 1725 in
911 1665 996 1728 duas.
1038 1667 1109 1727 'l'ale
1134 1679 1181 1728 est
1201 1669 1359 1728 indicatum

268 1762 299 1822 in
317 1763 422 1824 eadem
444 1765 553 1834 fabula,
577 1761 705 1831 ‘malai’
739 1762 945 1837 ιρισῦλλαβον.
998 1762 1047 1822 Sic
1076 1773 1107 1824 et
1140 1764 1246 1842 ‘quis,’
1274 1763 1361 1846 ‘qui‚’

270 1859 378 1936 ‘quael
391 1869 422 1918 et
431 1879 518 1918 casus
532 1859 637 1918 horum
652 1857 833 1916 diviserunt:

391 1963 449 2031 Qui
463 1983 514 2042 per
529 1963 662 2022 virtutem
677 1963 794 2040 paritet,
809 1981 869 2022 non
884 1962 994 2024 interit.

270 2073 441 2152 Legeudum
454 2075 551 2146 ‘Qui'
565 2071 761 2147 δωσνλλάβυι
775 2092 783 2134 :
805 2073 830 2132 si
844 2086 891 2134 est
903 2093 971 2134 vera
985 2075 1138 2154 scriptura,
1153 2073 1190 2133 de
1204 2093 1266 2154 quo
1280 2095 1358 2154 que·

269 2179 348 2228 retur
361 2169 411 2228 illo
426 2171 455 2228 in
469 2170 545 2231 loco.
586 2171 645 2231 Sed
658 2170 793 2248 exempla
806 2171 837 2229 iu
851 2170 959 2230 Plauto
968 2171 1031 2250 jam
1046 2171 1139 2230 multa
1153 2169 1356 2232 indicavimus.

272 2263 361 2343 Apud
376 2265 530 2325 Horatium
543 2265 592 2326 lib.
605 2285 644 2326 ιι.
665 2266 765 2325 Carm.

435 2377 535 2436 Remis
548 2386 579 2436 et
592 2377 712 2456 obliquo
726 2376 850 2436 laborat.

271 2487 326 2546 Est
337 2487 415 2546 enim
426 2507 527 2548 versus
540 2489 680 2548 iambicus
693 2487 816 2546 dimeter
838 2489 1109 2562 ὑπιριιιιαλιιιτικόι.
1151 2485 1218 2546 lino
1233 2487 1356 2564 pertinet

272 2581 402 2651 ‘salim'
420 2601 484 2662 pro,
503 2582 590 2656 clam,
603 2591 637 2641 ut
661 2581 768 2641 Festus
794 2583 843 2640 ait.
886 2583 925 2641 Et
948 2581 977 2640 in
999 2582 1121 2644 diversis
1144 2583 1240 2642 verbis
1262 2583 1355 2644 hiatus

270 2678 426 2738 vocalium.
468 2677 556 2747 Quod
571 2689 668 2737 tamea
683 2697 743 2737 ιιοιι
757 2678 863 2738 iecisse
879 2677 1008 2751 latinos,
1020 2679 1075 2737 nisi
1087 2681 1188 2758 poetas
1203 2677 1356 2757 quosdam,

272 2773 368 2834 Cicer.
382 2775 413 2832 in
426 2774 549 2835 Oratore
564 2774 691 2852 scripsit,
710 2774 772 2852 qui,
786 2785 947 2833 atvertum
961 2773 1099 2847 lacerent,
1119 2793 1197 2854 saepe
1210 2771 1361 2834 hiaverint.

275 2869 400 2928 Ennium
416 2871 505 2930 semel
519 2891 526 2929 :
549 2870 669 2948 ‘Scipio
683 2870 789 2930 invicte
800 2869 819 2928 :’
839 2881 869 2929 et
882 2890 934 2929 se:

473 2981 539 3041 Hoc
553 2991 635 3040 motu
649 2981 792 3040 radiantis
806 2981 905 3040 etesia
919 2981 950 3040 in
963 2979 1040 3040 sada
1052 2981 1146 3060 ponti.

274 3091 334 3151 Sed
346 3101 415 3151 sunt
428 3103 458 3150 et
472 3091 551 3170 apud
567 3091 719 3152 Maronem
732 3093 820 3172 hujus
831 3094 981 3155 divisionis
996 3095 1148 3176 exempla:

473 3201 511 3260 Et
525 3201 645 3282 longum
660 3203 786 3266 lormose
799 3206 876 3278 vale,
890 3205 966 3278 vale,
980 3205 1085 3286 iuquit,
1102 3207 1172 3268 iola.

473 3297 582 3356 insulas
597 3298 680 3358 ionio
695 3301 725 3358 in
739 3320 860 3380 magno.

472 3391 530 3450 Ter
543 3403 613 3450 sunt
625 3395 721 3453 conati
735 3397 883 3475 imponere
898 3396 980 3456 Pelio
994 3397 1112 3456 Ossam.

472 3484 586 3545 Glauco
600 3497 631 3546 et
643 3487 792 3567 Panopeae
807 3501 839 3551 et
854 3492 927 3550 luoo
939 3491 1110 3552 Melicertes.

275 3603 361 3683 Apud
377 3603 540 3678 Horatium,
555 3605 605 3666 lib.
618 3595 759 3668 1.'Carm.

472 3717 597 3776 Ossibus
608 3727 639 3776 et
652 3719 740 3798 capiti
755 3719 918 3781 inhumata.

271 3843 360 3921 Apud
375 3843 552 3920 Lucretium,
566 3844 616 3904 lib.
630 3863 661 3905 v.

427 3939 542 4002 Passim
552 3959 604 4021 per
615 3939 681 4001 coeli
695 3942 816 4002 solvunt
830 3961 862 4002 se
873 3942 972 4004 inania
986 3945 1108 4025 templa.

275 4044 313 4103 Et
327 4047 377 4106 lib.
391 4069 430 4110 ιι.

370 4193 374 4206 ,
429 4143 531 4236 Vivam
545 4147 714 4227 progeniem
727 4147 778 4226 qui
791 4147 821 4207 in
836 4168 902 4210 oras
913 4133 1032 4211 'luminis
1047 4149 1148 4212 edant.
