3012 4892
578 389 626 434 nn
649 389 838 440 nanneno.
1214 379 1258 444 71

146 537 178 588 et
192 538 314 606 repente
327 529 523 600 circumactis,
546 537 577 588 ut
602 538 706 590 contra
728 539 859 597 stareutr
883 539 1032 608 postremo
1051 531 1115 611 jam
1138 533 1187 593 die
1201 535 1256 596 de·

148 623 365 684 madentibus
378 625 495 695 tabulis,
509 635 539 684 et
552 627 688 686 omnihus
704 629 779 686 iuter
795 645 826 686 se
841 627 1029 699 coeuntibus,
1044 627 1171 689 faciebat
1185 633 1256 690 Am-

147 720 362 799 phitheatrum,
379 731 410 786 et
423 720 620 800 gladiatorum
635 722 808 801 spectacula
823 721 942 794 edebat,
964 723 1061 802 ipsum
1075 725 1171 804 magis
1186 745 1257 787 auc·

149 827 279 876 toratum
295 817 438 898 populum
451 817 618 878 Romanum
630 819 848 880 circumferens.
885 820 989 898 ltaque
1005 817 1100 890 vides,
1115 821 1257 900 quemad·

148 912 273 972 modum
287 914 403 976 Scenici
417 911 502 984 Ludi,
525 913 596 972 dum
610 923 778 992 agerentur,
804 915 915 974 aversis
931 914 1066 974 Theatris
1081 897 1256 994 agebantur,

149 1027 186 1068 ne
209 1009 301 1068 turba
323 1009 423 1069 lieret:
445 1008 517 1068 dum
540 1019 638 1069 autem
663 1012 913 1088 proponebantur,
938 1021 990 1068 aut
1005 1011 1253 1088 'producebantur

149 1103 344 1181 gladiatores,
357 1104 387 1162 in
400 1103 616 1182 Amphitheatri
630 1103 847 1164 reducebantur
859 1105 993 1177 sormam,
1006 1117 1036 1164 et
1050 1107 1080 1164 in
1092 1127 1182 1168 unum
1194 1109 1255 1170 duo

150 1198 282 1260 Theatra
295 1199 424 1259 coibant.
467 1198 527 1258 Sed
551 1209 582 1260 et
606 1201 766 1260 novissimo
789 1201 838 1262 die
852 1202 906 1278 (ait
920 1199 1012 1272 idem)
1025 1201 1126 1262 divisis
1140 1203 1256 1266 duabus

149 1313 202 1374 per
214 1294 346 1354 medium
360 1295 469 1368 scenis,
484 1295 613 1356 athletas
627 1295 722 1356 edidit
736 1297 837 1368 Curio,
855 1297 1005 1376 raptisque
1020 1311 1140 1376 repente
1154 1319 1171 1358 e
1184 1319 1256 1360 con·

150 1391 239 1451 trario
260 1390 392 1470 pulpitis,
417 1391 521 1451 eodem
544 1390 603 1462 die,
625 1392 751 1452 victores
767 1415 783 1453 e
798 1393 1014 1472 gladiatoribus
1029 1393 1091 1452 suis
1106 1394 1255 1473 produxit.

151 1486 244 1547 Vides
258 1486 510 1565 quemadmodum
523 1487 671 1566 pulpitum
686 1488 775 1548 etiam
796 1488 990 1562 auferebatur,
1014 1488 1084 1548 dum
1108 1489 1255 1570 gladiato·

151 1603 197 1644 res
220 1583 394 1664 prodirent;
417 1601 486 1642 nam
510 1583 604 1662 ipsam
627 1602 725 1642 aream
749 1585 936 1664 occupabatt
958 1583 1015 1644 hon
1030 1595 1129 1644 autem
1143 1583 1254 1648 iactura

151 1679 216 1750 fuit,
242 1679 332 1740 fessis
355 1679 539 1757 turbatisque
556 1677 725 1738 volubilium
740 1679 931 1740 Theatrorum
956 1679 1134 1740 cardinibus.
1176 1680 1253 1742 Nam

152 1783 221 1834 ante
235 1793 296 1833 non
311 1785 376 1834 erat
389 1792 465 1852 opus
479 1773 603 1834 eximere
628 1773 786 1852 pulpitum,
811 1793 878 1834 cum
901 1785 1005 1836 contra
1019 1785 1131 1836 starent
1144 1795 1253 1850 wana,

151 1883 181 1932 et
202 1870 302 1932 locum
318 1871 485 1949 preberent
497 1869 685 1930 circumactis
699 1870 832 1932 Theatris
846 1871 876 1932 in
892 1869 1105 1955 Amphitheatri
1120 1871 1253 1946 sormam,

151 1976 219 2044 post
234 1965 336 2026 Ludos
350 1965 494 2028 Scenicoa
509 1965 673 2028 absolutos.

240 2193 421 2253 THEATRI
442 2191 756 2264 CONFORMATIO,
788 2190 970 2260 EJUSQUE
991 2191 1160 2253 PARTES.

190 2356 264 2430 Sed,
285 2376 345 2436 quo
367 2355 486 2416 taudem
511 2353 644 2426 artificio,
672 2372 767 2434 quave
793 2351 938 2412 industria
960 2351 1138 2412 edificatum
1165 2351 1252 2410 luerit

151 2453 230 2532 apud
244 2453 382 2532 antiquos
396 2453 566 2524 Theatrum,
590 2449 806 2530 prospiciendis
830 2451 961 2510 Scenicis
987 2449 1078 2509 Ludis
1101 2447 1251 2522 idoneum,

150 2550 255 2629 paucis
269 2551 317 2609 bie
330 2551 414 2610 robis
429 2567 591 2628 proponere
606 2547 687 2620 libet,
708 2565 745 2606 ue
768 2547 839 2626 quid
865 2565 965 2607 earum
980 2565 1075 2606 rerum
1090 2546 1251 2624 praetermi-

151 2647 225 2708 sisse
238 2645 398 2714 videamur,
410 2665 478 2724 quae
489 2643 527 2703 ad
539 2643 617 2704 hunc
630 2661 793 2702 sennonem
806 2644 950 2722 pertinere
956 2641 1139 2722 judicentur.
1161 2639 1248 2710 Quod

151 2753 250 2804 tamen
266 2763 326 2802 non
342 2743 384 2802 ita
398 2739 603 2822 accipiendum
618 2741 684 2812 erit,
703 2740 789 2818 quasi
803 2739 841 2798 ad
858 2758 985 2816 unguem
1000 2756 1182 2816 expressum,
1197 2735 1251 2794 sed

152 2839 257 2917 partim
273 2837 446 2916 conjectura
460 2847 491 2897 et
504 2836 618 2896 ratione
631 2845 744 2906 natam,
758 2835 864 2915 partim
877 2853 914 2891 ex
929 2835 963 2892 iis
978 2831 1168 2908 descriptum,
1182 2851 1251 2910 quae

152 2947 212 2995 turn
226 2935 257 2994 in
272 2935 402 3014 antiquis
417 2933 508 2992 ruinis
522 2930 682 3012 aliquando
696 2929 833 3001 vidimus,
848 2940 909 2988 tum
924 2928 1011 2988 etiam
1023 2946 1059 2986 ex
1072 2926 1251 2999 auctoribus,

151 3031 200 3108 qui
215 3029 325 3090 dehac
340 3029 575 3110 rescripserunt,
600 3025 886 3106 comprehendimus.
930 3025 1033 3102 ltaque
1057 3021 1181 3102 primum
1206 3023 1251 3080 ia·

149 3125 344 3206 telligendum
358 3135 405 3186 eat
416 3123 679 3204 (quemadmodum
696 3123 785 3204 paulo
799 3133 868 3182 ante
882 3121 1075 3195 docebamus)
1088 3118 1248 3178 Theatrum

150 3223 244 3282 suisne
257 3223 288 3282 in
309 3219 485 3282 semicirculi
499 3221 624 3299 figuram
638 3219 845 3298 compositum,
868 3229 956 3298 atque
970 3217 1012 3276 ita
1024 3214 1250 3284 conformatum,

151 3331 183 3378 ut
203 3339 291 3398 eaque
315 3327 418 3398 gestus
439 3317 649 3397 prospicerent,
673 3335 709 3377 ac
723 3333 811 3374 voces
826 3313 961 3374 audirent
972 3311 1049 3389 (aine
1064 3311 1190 3370 tumultu
1205 3321 1251 3370 ta-

149 3419 241 3490 mea),
261 3417 313 3495 qui
326 3413 366 3474 ad
379 3414 473 3475 latera
485 3423 516 3474 et
528 3414 556 3472 in
573 3412 695 3476 summis
711 3412 847 3472 sederent
861 3409 1012 3490 gradibus,
1034 3418 1123 3486 atque
1146 3405 1176 3478 ii,
1199 3404 1249 3483 qui

149 3513 177 3572 in
198 3512 267 3574 imis
286 3511 375 3590 juxta
399 3529 530 3572 scenam.
571 3509 700 3570 Caream
722 3527 827 3570 vocare
848 3505 963 3566 videtur
977 3504 1092 3566 Plinius
1106 3503 1204 3562 locam
1218 3501 1249 3560 in

148 3607 288 3680 Theatro,
313 3607 454 3687 gradihus
469 3627 504 3668 ae
520 3606 640 3668 sedibus
654 3613 858 3666 constructum
872 3611 961 3682 atque
985 3599 1191 3692 compositum,
1218 3596 1249 3654 in

150 3723 210 3784 quo
223 3704 343 3766 sederet
355 3703 494 3784 populas.
536 3705 636 3764 Cavea
650 3703 715 3782 ipsa
728 3699 835 3780 (inquit
849 3697 888 3762 de
900 3697 1030 3757 Theatra
1044 3693 1160 3770 Scauri)
1174 3693 1254 3770 cepit

148 3801 305 3864 hominnm
319 3800 475 3878 octoginta
489 3798 600 3858 millia:
622 3818 689 3859 oum
704 3795 837 3876 Pompeii
857 3793 975 3866 theatri,
988 3791 1043 3870 (sic
1058 3791 1134 3850 enim
1149 3788 1251 3866 legen-

150 3898 221 3963 dum
242 3909 310 3957 est:
330 3915 398 3956 nam
422 3915 573 3975 nunquam
587 3895 745 3975 Pompeius
759 3889 1015 3972 Amphitheatrum
1030 3884 1145 3960 edidit)
1162 3883 1250 3944 toties

150 3993 346 4074 multiplicata
362 3993 450 4063 Urbe,
464 4003 606 4070 tantoque
621 3992 730 4071 majore
746 3988 866 4069 populo,
886 3983 1014 4044 sufficiat
1026 3983 1107 4060 large
1122 3978 1250 4058 quadra·

152 4091 233 4170 ginta
247 4087 341 4148 millia
354 4086 468 4148 sedere.
512 4087 577 4146 Nisi
591 4089 683 4148 maria
699 4105 819 4147 caveam
834 4081 968 4160 accipere
984 4097 1038 4158 pro
1052 4087 1116 4138 tota
1131 4075 1250 4138 Theatri

151 4184 326 4267 capacitate,
347 4193 380 4244 ut
404 4184 494 4246 etiam
517 4203 635 4246 scenam
656 4186 750 4265 ipsam
773 4174 1027 4260 comprehendant
1049 4171 1129 4254 quod
1150 4183 1248 4232 tamen
