2948 4890
350 409 532 461 nsrrrsnrs
556 409 706 460 urrnsrr
732 410 990 461 nrssnnrsrro.
1177 397 1219 464 83

119 549 266 614 tenebris:
288 547 437 612 dursbsnt
460 558 558 612 antem
580 570 640 613 non
665 553 789 633 emplius
813 553 876 614 dies
901 573 1018 615 norem.
1060 555 1165 616 Cicero
1190 557 1220 618 in

122 649 243 712 actione
256 646 353 728 prims
365 646 396 708 in
410 647 551 710 Verrem:
573 647 690 709 'Nonsc
705 659 776 710 sunt
787 649 877 710 hodie
891 649 1034 719 Sextiles:
1056 650 1129 712 hora
1143 671 1222 713 none

122 747 284 808 convenire
298 744 449 826 eoepistis:
470 744 551 806 hunc
564 745 643 807 diem
660 746 722 826 jam
736 768 773 808 ne
788 759 944 808 numerant
957 747 1097 828 quidem:
1119 747 1221 812 decem

123 842 188 904 dies
203 849 359 904 scrutante
375 839 476 902 Ludos
488 831 613 915 votivos,
637 861 713 922 quos
728 843 784 904 Cn.
800 845 957 926 Pompeius
970 847 1102 908 iectnms
1115 857 1180 908 est:
1201 847 1222 907 ii

123 937 201 1000 Ludi
224 936 291 1000 dies
316 935 483 1024 quindecim
507 937 660 998 auferent:
682 937 791 1000 deinde
814 941 938 1001 Romani
962 943 1104 1003 continno
1117 963 1223 1004 conse·

124 1043 276 1116 queratur:
297 1033 340 1094 ite
352 1053 445 1114 propo
460 1053 517 1096 ιι.
531 1033 635 1095 diebus
649 1035 840 1117 interpositis,
859 1049 920 1098 tnm
937 1037 1063 1119 deniqne
1078 1059 1110 1100 se
1124 1039 1162 1100 ud
1177 1059 1222 1112 ea,

123 1152 194 1213 quse
205 1151 229 1191 a
243 1129 329 1192 nobis
344 1130 426 1192 dicta
438 1143 534 1204 erunt,
556 1152 749 1212 responsuros
771 1153 837 1194 esse
856 1134 1052 1195 arbitrantur.⁹
1091 1137 1224 1206 Quorum

126 1229 243 1290 dieram
259 1227 285 1288 si
301 1228 370 1308 quis
384 1227 525 1290 tutionem
539 1229 696 1304 subducat,
716 1241 747 1292 et
769 1233 824 1292 snb
846 1231 959 1291 initium
982 1232 1161 1312 Septembris
1174 1251 1223 1291 co·

126 1323 196 1388 dere
212 1323 316 1386 Ludos
331 1325 494 1398 Romanos,
516 1337 547 1385 et
570 1345 632 1386 non
647 1327 773 1406 amplius
787 1347 891 1388 novem
905 1326 968 1386 dies
983 1327 1105 1387 durasse
1121 1327 1224 1406 depre-

125 1421 251 1484 hendet.
285 1420 333 1482 De
346 1421 382 1482 iis
397 1419 489 1481 Ludis
502 1421 644 1482 Romanis
658 1423 702 1483 ite
715 1423 821 1493 Cicero
834 1423 909 1483 libro
923 1422 1027 1502 quinto
1041 1423 1071 1481 in
1087 1423 1223 1482 Verrem:

127 1519 243 1579 ‘Nunc
266 1537 332 1578 sum
356 1515 529 1597 designatus
551 1517 677 1586 AEdilis;
698 1519 794 1579 babeo
815 1519 956 1578 rationem
970 1517 1050 1598 ⁸quid
1072 1537 1090 1576 a
1115 1517 1225 1598 populo

129 1615 269 1674 Romano
283 1613 465 1694 acceperim
485 1613 557 1673 nrihi
580 1613 680 1674 Ludos
699 1613 902 1674 sanctissimos
916 1615 1045 1674 maxima
1059 1633 1126 1674 cnm
1141 1615 1225 1674 caeri-

126 1711 228 1773 monia
242 1709 352 1782 Cereri,
367 1710 490 1782 Liberce,
510 1711 672 1791 Liberoque
686 1711 847 1791 iaciendos,
871 1709 940 1770 mihi
966 1709 1081 1770 Florem
1098 1709 1224 1769 Matrem

127 1807 240 1888 populo
261 1805 402 1886 plebique
423 1807 567 1868 Romane
590 1807 739 1869 Ludonrrn
753 1806 922 1868 eeiebritate
944 1805 1132 1886 placandam,
1156 1809 1226 1867 mihi

130 1901 232 1964 Ludos
246 1902 480 1982 antiquissimos,
504 1905 554 1984 qui
576 1905 659 1984 primi
687 1905 813 1966 Romani
837 1913 907 1964 sunt
929 1901 1078 1982 appellati,
1101 1903 1227 1964 maxima

17 2008 21 2018 ¹
130 2017 197 2059 curn
211 1999 361 2079 dignitate
375 2017 411 2060 ac
425 2000 565 2079 religione
579 2001 657 2074 Jovi,
679 2001 799 2072 Jnnoni,
818 1999 1018 2078 Minervaque
1033 2017 1099 2058 esse
1114 1997 1227 2060 iaciun-

131 2093 197 2168 dos,
210 2095 282 2155 mihi
296 2113 447 2156 secretum
462 2095 568 2158 aedinrn
584 2096 839 2176 procurationem,’
862 2099 919 2156 dcc.
961 2095 1028 2164 Quo
1040 2091 1109 2154 ioco
1123 2095 1228 2174 Mega·

130 2193 228 2252 lenses
244 2191 345 2251 Ludos
360 2210 419 2251 nou
442 2193 599 2266 omisisset,
621 2213 695 2273 quos
710 2191 822 2252 AEdiles
837 2211 951 2252 summe
965 2191 1105 2271 religione
1120 2201 1150 2250 et
1163 2192 1228 2271 dig·

133 2289 224 2349 nitate
238 2289 399 2362 faciebant,
412 2289 470 2352 nisi
481 2288 568 2350 iidem
578 2299 608 2350 et
620 2289 810 2369 Megalenses
822 2286 896 2348 Ludi
910 2287 1034 2346 fuissent
1048 2299 1078 2346 et
1092 2285 1227 2346 Romam.

135 2383 198 2444 Hac
213 2397 314 2445 tamen
329 2395 394 2446 tota
408 2383 446 2444 de
460 2405 491 2446 re
505 2395 707 2446 asseveranter
721 2383 832 2446 dictum
845 2383 918 2444 nihil
931 2382 1028 2444 veiim.

535 2613 839 2628 w

453 2813 685 2884 DANIELIS
715 2815 919 2895 HEINSH,

215 2987 266 3038 sn
285 2983 445 3038 nonsrn
465 2985 515 3037 ne
532 2982 678 3036 ensuro
697 2981 745 3034 er
760 2981 947 3036 reaeurro
963 2981 1152 3045 enormen,

566 3114 804 3174 Drssnarsrro.

299 3297 342 3356 At
353 3293 447 3356 nostri
460 3293 561 3374 proavi
577 3293 731 3354 Plautinos
746 3305 776 3354 et
790 3313 927 3355 numeros
942 3303 973 3355 et

299 3391 472 3452 Laudavere
486 3391 582 3460 salem
605 3392 726 3452 nimium
740 3391 885 3470 patienter
898 3401 1064 3470 utrumqne,

301 3487 349 3548 Ne
362 3486 460 3548 dicam
474 3487 573 3559 stulte,
587 3487 702 3546 mirati:
725 3485 750 3546 si
764 3485 854 3546 modo
865 3505 923 3566 ego
937 3499 968 3547 et
982 3507 1034 3548 vos

300 3584 419 3645 Scimus
433 3584 608 3644 inurbanum
622 3581 722 3662 lepido
737 3599 878 3662 seponere
892 3583 983 3656 dicto,

297 3679 533 3761 legitimumque
547 3699 652 3740 sonum
666 3679 767 3760 digitis
781 3679 922 3740 callemus
938 3689 969 3740 et
983 3697 1063 3738 aure.

141 3827 270 3890 Duanrr
286 3825 424 3906 equidem
434 3824 591 3906 judicium,
614 3835 645 3888 et
657 3825 737 3908 quod
753 3844 812 3886 non
827 3845 913 3886 nemo
927 3824 984 3883 hac
999 3831 1086 3882 estate
1102 3821 1138 3882 de
1153 3821 1235 3900 lepo-

139 3945 201 3984 rum
223 3923 356 3985 omnium
379 3931 513 4003 parente,
537 3943 652 3984 summo
667 3923 778 3984 Critico
792 3941 826 3982 ac
841 3920 969 3982 maximo
985 3919 1077 3978 Poste
1092 3917 1237 3980 excidisse

140 4023 252 4084 nollet:
269 4021 355 4096 cujus
370 4031 468 4080 tamen
484 4041 582 4081 vernae
597 4021 701 4080 melios
716 4019 754 4078 de
768 4017 877 4078 Plauto
886 4015 1071 4096 judicabant,
1085 4031 1173 4090 quarn
1187 4017 1238 4094 qui

141 4137 218 4180 nunc
232 4118 375 4176 familiam
393 4117 422 4176 in
445 4115 537 4176 literis
558 4115 634 4176 tucri
652 4115 709 4176 hac
724 4123 812 4174 cetate
827 4113 997 4174 creduntur.
1039 4109 1097 4179 Qui
1112 4129 1166 4169 nec
1182 4132 1238 4171 sae·

141 4215 210 4290 culi,
225 4234 286 4294 quo
302 4213 384 4286 vixit,
405 4221 436 4273 et
449 4232 519 4292 quo,
534 4233 600 4276 curn
615 4211 732 4285 Possis,
754 4223 817 4271 turn
831 4210 934 4271 Latine
948 4209 1060 4288 lingua,
1085 4205 1122 4266 ad
1138 4213 1239 4287 supre-
