3012 4892
668 371 852 422 rsnsursr
878 372 978 422 vrrs.

394 513 483 584 Quod
495 513 539 576 itti
551 511 741 576 miccium
753 514 912 576 sebenens
925 513 1106 588 exisdnmt,

395 613 469 672 Eam
482 610 601 672 laudem
614 610 663 670 bic
676 609 760 672 ducit
772 611 948 672 maximam
969 632 1037 672 cum
1050 611 1108 674 illis
1121 612 1229 692 placet,

394 708 454 776 Qui
465 707 550 768 robis
561 706 708 768 universis
722 717 753 766 et
766 706 877 786 populo
890 705 1027 786 plsoent:

392 802 524 871 Quorum
539 821 630 882 opera
642 803 674 862 in
687 801 779 874 bello,
798 801 829 860 in
843 802 915 873 otio,
933 802 964 860 in
978 803 1108 882 negotio,

394 899 455 960 Suo
468 898 595 978 quisque
608 908 741 978 tempore
755 916 829 958 usus
842 899 967 960 estsine
981 899 1125 978 superbia.

313 1069 436 1132 Videtur
449 1079 548 1132 autern
562 1091 595 1132 se
608 1070 703 1132 levius
722 1070 903 1146 defendisse,
927 1073 999 1152 quia
1019 1071 1132 1132 sciebat
1156 1070 1244 1130 Lsrlio
1258 1081 1288 1130 et
1302 1070 1364 1129 Sci-

272 1165 352 1244 pioni
366 1186 426 1226 non
445 1166 591 1246 ingratam
612 1185 679 1226 esse
700 1165 778 1228 banc
802 1167 987 1246 opinionem
1009 1186 1076 1246 quse
1100 1175 1199 1225 umen
1220 1163 1313 1244 magis
1335 1173 1364 1224 et

273 1281 367 1340 usque
376 1259 402 1292 ¹⁰
416 1260 455 1321 sd
469 1261 633 1341 posteriora
645 1273 780 1342 tempora
792 1263 895 1322 valuit.

315 1358 353 1426 Q.
376 1357 533 1416 Memmius
554 1357 585 1415 in
609 1357 752 1416 Oratione
775 1377 829 1436 pro
850 1377 883 1417 se
903 1358 959 1417 ait:
981 1357 1076 1417 ‘Pub.
1090 1357 1255 1426 Africanus,
1276 1355 1326 1433 qui
1347 1373 1366 1412 a

272 1451 408 1512 Terentio
421 1469 578 1530 personam
590 1460 754 1524 mutuatus,
768 1471 836 1532 quse
850 1451 930 1512 domi
945 1452 1057 1513 luserat
1069 1453 1144 1534 ipse,
1158 1452 1274 1510 nornine
1286 1449 1364 1509 illins

272 1548 303 1605 iu
317 1565 436 1607 scenam
458 1545 586 1608 detulit!
626 1547 729 1628 Nepos
752 1557 873 1608 auctore
896 1557 977 1608 certo
999 1547 1176 1626 comperisse
1199 1565 1230 1605 se
1255 1545 1305 1616 ait,
1328 1545 1364 1604 Ο.

273 1641 406 1714 lelium,
419 1641 569 1721 quondam
583 1643 614 1703 in
628 1643 794 1703 Puteolano
809 1641 878 1702 Kal.
893 1641 1009 1702 Martiis
1024 1641 1206 1702 admonitum
1217 1641 1254 1699 nb
1265 1657 1364 1710 uxore,

272 1736 431 1816 temporius
447 1749 480 1797 ut
490 1737 698 1812 discumberet,
710 1737 832 1818 petiisse
845 1739 884 1797 ab
897 1756 934 1797 ea
947 1758 985 1798 ne
998 1737 1250 1816 interpellaretur:
1272 1735 1365 1793 serius

272 1831 393 1892 tandem
405 1833 572 1912 ingressum
585 1833 742 1894 triclinium
755 1833 875 1904 dixisse,
891 1851 951 1893 non
967 1853 1047 1914 serpe
1059 1833 1089 1892 in
1104 1829 1259 1894 scribendo
1270 1830 1364 1908 magis

272 1930 454 1990 successisse
467 1929 531 1988 sibi.
573 1929 690 1989 Deinde
708 1939 845 2008 rogatum
870 1939 904 1988 ut
928 1930 1037 2010 scripta
1058 1928 1111 1988 illa
1132 1928 1283 2007 proterret,
1296 1943 1364 2006 pro·

271 2025 424 2085 nuntiasse
435 2043 548 2100 versus,
567 2025 619 2104 qui
633 2025 747 2085 suntin
764 2025 1117 2085 Heautontimorumeno:

352 2185 431 2244 Satis
445 2185 495 2263 pol
508 2195 642 2264 proterve
654 2205 702 2245 me
717 2183 782 2266 Syri
795 2185 941 2265 promissa
953 2185 1012 2244 huc
1027 2183 1217 2244 induxerunt.

311 2347 418 2404 Santra
431 2343 599 2404 Terentium
610 2346 767 2419 existimat,
788 2345 814 2406 si
837 2345 926 2407 modo
948 2346 979 2405 in
1002 2343 1158 2406 scribendo
1183 2343 1363 2423 adjutoribus

271 2439 440 2520 indiguerit,
460 2457 521 2498 non
535 2450 595 2500 tam
608 2439 746 2521 Scipione
760 2450 791 2500 et
803 2441 895 2501 Laelio
908 2441 953 2502 uti
973 2442 1114 2520 potuisse,
1136 2437 1188 2520 qui
1210 2451 1278 2498 tunc
1292 2439 1365 2497 ado·

270 2537 427 2598 lescentuli
446 2535 538 2608 inere,
558 2554 647 2614 quam
671 2537 708 2596 G.
733 2535 864 2614 Sulpicio
887 2537 986 2608 Gallo,
1010 2535 1128 2596 bomine
1148 2533 1247 2606 docto,
1269 2534 1364 2613 etqui

271 2630 476 2692 consularibus
486 2635 510 2662 '¹
531 2629 611 2690 ludis
624 2630 737 2689 initium
750 2631 852 2691 feccrit
865 2629 1041 2690 Fabularum
1055 2627 1240 2689 dandarum:
1262 2627 1308 2687 vel
1323 2627 1363 2696 Q.

272 2727 364 2788 Fabio
379 2727 527 2798 Labeone,
541 2734 571 2785 et
585 2725 629 2784 M.
643 2724 769 2804 Popilio,
783 2725 931 2785 consulari
944 2736 1079 2804 utroque,
1104 2743 1140 2784 ac
1152 2726 1250 2802 potita.
1290 2721 1363 2782 idco

271 2823 368 2902 ipsum
389 2842 449 2882 non
466 2820 593 2901 juvenes
612 2819 798 2900 designasse,
819 2819 870 2899 qui
895 2839 927 2880 se
951 2819 1099 2900 adjuvisse
1113 2817 1289 2890 dicerentur,
1310 2817 1364 2877 sed

271 2916 359 2988 viros,
372 2935 496 2994 quorum
509 2933 638 2994 operam,
651 2925 682 2974 et
695 2915 725 2973 in
739 2914 829 2985 bello,
844 2916 916 2974 etin
931 2915 1002 2988 otio,
1016 2925 1048 2974 et
1060 2915 1090 2973 in
1106 2915 1225 2992 negotio
1238 2911 1365 2992 populus

271 3012 311 3070 sit
323 3019 470 3088 expertus.
511 3009 586 3069 Post
606 3008 702 3068 editas
725 3008 895 3068 Gomoedius
918 3008 1050 3069 nondum
1065 3009 1199 3088 quintum
1212 3019 1300 3086 atque
1314 3007 1366 3066 tri·

271 3105 415 3184 gesimum
432 3122 570 3182 egressus
593 3121 714 3176 annum,
735 3122 827 3164 causa
846 3105 995 3166 evitando
1018 3105 1179 3184 opinionis,
1201 3104 1271 3184 quia
1283 3103 1367 3164 vide-

270 3201 358 3258 batur
371 3197 466 3257 aliens
479 3216 533 3276 pro
553 3198 614 3258 suis
638 3198 735 3272 edere,
756 3219 809 3260 seu
833 3200 1014 3279 percipiendi
1036 3201 1208 3262 Groecorum
1233 3201 1368 3259 instituta

272 3312 436 3372 moresque,
450 3311 525 3372 quos
538 3291 659 3372 perinde
672 3295 845 3375 exprimeret
860 3297 889 3355 iu
905 3297 1031 3376 scriptis,
1042 3317 1180 3376 egressus
1191 3297 1292 3357 urbem
1307 3305 1364 3370 est,

272 3409 368 3469 neque
381 3387 507 3469 amplius
521 3387 615 3450 rediit.
658 3391 706 3450 De
719 3400 812 3452 morte
827 3391 892 3471 ejus
905 3391 1059 3454 Volcatius
1074 3391 1181 3454 tradit:

391 3548 463 3622 Sed,
477 3561 510 3610 ut
523 3549 595 3611 Afer
609 3571 659 3613 sex
673 3552 782 3632 populo
796 3551 879 3614 dedit
893 3553 1073 3627 Comoedies,
1201 3611 1206 3622 ,
1300 3529 1312 3539 “

390 3644 450 3703 lter
464 3643 533 3707 binc
547 3646 576 3705 in
589 3646 691 3707 Asiam
702 3647 782 3708 iecit.
824 3649 930 3708 Navius
941 3668 1009 3710 cum
1023 3647 1114 3709 semel
1125 3647 1151 3678 ¹²

391 3737 583 3814 Conscendit,
597 3741 677 3802 visus
691 3761 842 3823 nunquam
858 3753 914 3806 est.
956 3745 1006 3840 Sic
1019 3743 1081 3804 vita
1094 3751 1192 3803 vacet.

303 3965 335 4010 1⁰
350 3961 434 4024 Musis
448 3965 473 4011 tt
490 3963 571 4026 mse]
586 3962 671 4026 Vulgo
682 3961 799 4012 obscure.
841 3961 1080 4013 obsedita-hdie:
1096 3961 1142 4012 sed
1153 3957 1301 4012 urbemn
1311 3958 1367 4023 legi

271 4035 308 4084 ld.
340 4036 690 4102 Qniediditmtmsqse.
839 4039 984 4089 Cereslibss.
1001 4039 1084 4089 Zeno.

303 4116 333 4160 11
352 4113 613 4177 thsss'eossstm'bss]
628 4114 796 4178 {tmuium
868 4119 900 4164 lt
919 4115 1007 4165 Nesis
1020 4130 1073 4164 esst
1089 4111 1171 4177 seut]
1186 4110 1368 4164 monuistis

270 4187 394 4238 suintila
432 4187 509 4240 Lind.
538 4189 658 4240 Muretus
688 4189 796 4254 conjicit
836 4191 925 4243 aniss
933 4199 959 4242 st
970 4193 1050 4242 semet.
1070 4190 1144 4241 lind.
