2958 4892
258 377 326 448 tas·
563 389 780 445 rosunrssus
799 389 1047 442 ossrsnsarns

380 537 504 597 Fateor:
526 536 573 594 abi
586 531 743 612 depromo:
765 549 821 610 age
834 541 867 591 tu
881 531 992 592 interea
1004 530 1074 592 boio
1084 531 1247 592 somnium:

259 633 307 694 abi
331 631 378 703 de,
404 629 583 710 spondeus:
612 628 681 688 huic
704 647 779 701 som,
801 625 979 706 spondaeus:
1005 631 1063 688 κατ’
1083 631 1346 707 &imminet

259 731 416 800 σννίέησιν.
465 769 469 780 .

378 819 606 902 Superstitiosus
619 817 668 878 liic
681 817 799 896 quidem
813 825 870 888 est,
883 833 953 876 sera
966 816 1125 894 praedicat:

258 919 384 990 Quidem
398 929 445 982 est
457 937 504 992 ve,
519 914 678 996 spondmus
693 917 751 974 κατ’
764 915 999 993 suumomni:
1022 913 1087 974 hasc
1101 912 1216 974 collisio
1230 915 1343 974 creber·

257 1019 328 1080 rime
342 1016 467 1079 occurrit
480 1015 509 1072 in
524 1011 643 1074 comicis
657 1009 799 1070 versibus.

337 1114 395 1184 Qui
408 1111 554 1194 perjurum
569 1108 723 1170 convenire
736 1107 800 1166 vult
812 1106 970 1178 bominem,
985 1105 1068 1166 mitto
1081 1107 1111 1166 in
1124 1105 1294 1167 comitium:

257 1209 295 1272 Ni
310 1231 339 1272 re
353 1211 426 1280 vult,
441 1205 611 1288 spondaeus,
625 1203 699 1262 elisa
711 1223 741 1272 u,
756 1221 809 1282 pro
823 1210 1015 1262 consonante.

376 1305 481 1374 Quo-is
495 1303 583 1362 horno
596 1299 754 1360 insinuavit
767 1299 845 1358 lacto
859 1317 891 1358 se
906 1297 945 1356 ad
957 1296 1010 1357 tel
1031 1317 1082 1376 per
1102 1297 1263 1378 Dionysia:
1309 1321 1314 1330 ·

255 1401 321 1470 Quo
335 1401 360 1459 is
374 1401 424 1472 lto,
438 1398 588 1478 τρίβραχνι
602 1401 672 1456 suris
685 1395 822 1472 διαίρεσιν
836 1395 960 1475 syllaba,
975 1394 1053 1462 Quo.

335 1495 412 1555 Nam
426 1514 492 1554 eum
507 1505 589 1574 pater
597 1493 660 1573 ejus
676 1491 806 1570 subegit:
829 1509 907 1551 nune
920 1509 986 1549 mea
1000 1500 1093 1551 mater
1105 1491 1180 1551 irate
1194 1501 1242 1551 est
1254 1491 1340 1552 mibi:

255 1591 331 1652 Nam
346 1603 412 1651 eum
426 1601 518 1670 pater,
533 1589 670 1668 dactylus
684 1597 749 1646 est:
772 1587 835 1666 ejus
850 1588 915 1658 sub,
940 1595 993 1645 aut
1006 1586 1143 1667 dactylus
1157 1588 1344 1666 liquescente

253 1709 267 1747 s
281 1708 288 1746 :
310 1697 362 1746 aut
375 1687 531 1758 trochaeus,
546 1690 603 1746 rar·
617 1687 846 1763 ἐπισυναλοιφὴν,
861 1693 904 1754 ut,
918 1683 992 1760 ejus,
1010 1701 1071 1743 nna
1084 1683 1124 1742 sit
1137 1682 1261 1764 syllaba.

374 1783 470 1861 liujus
484 1801 551 1860 qum
565 1781 665 1840 locuta
676 1790 724 1839 est
737 1797 867 1859 quaerere
882 1779 980 1838 aiebas
994 1777 1102 1838 liliam:

254 1878 360 1957 Hujus,
375 1884 432 1939 aar*
445 1879 674 1956 ἑπισνναλοιφὴν,
688 1893 748 1936 uua
762 1875 894 1955 syllaba:
918 1875 1004 1946 sicut,
1018 1875 1128 1946 aiebas,
1143 1873 1223 1937 due.

373 1974 437 2052 Ego
450 1971 488 2031 ad
503 1989 591 2031 anum
603 1987 720 2030 recurro
735 1987 858 2030 rursum.
901 1967 1071 2050 Lampadio,
1085 1971 1224 2029 obsecro:

252 2070 318 2127 Aut
333 2079 389 2139 est,
414 2067 478 2146 Ego
492 2065 530 2125 ad
551 2083 649 2136 anum,
672 2076 852 2144 anapaestus,
867 2064 1104 2142 pronuntiatione
1118 2083 1135 2123 e
1156 2065 1267 2124 initiale
1281 2066 1344 2125 ool·

250 2164 399 2242 liquente:
422 2173 473 2222 aut
487 2162 573 2222 etiam
601 2160 702 2240 prioris
716 2161 773 2220 boc
791 2176 858 2220 com
871 2177 972 2220 sersus
986 2159 1097 2220 ultimas
1111 2159 1248 2220 dictionis
1262 2161 1346 2220 finali

250 2259 374 2340 syllaba,
388 2269 422 2318 ut
432 2277 512 2337 saepe
527 2259 570 2330 fit,
585 2256 754 2317 collidente.

289 2353 537 2416 Videarlcrtasse
551 2353 581 2411 in
601 2352 647 2412 bis
661 2351 749 2412 alicui
770 2350 855 2411 nimis
876 2350 924 2412 diu
949 2351 1065 2422 morari,
1085 2362 1115 2412 et
1128 2369 1187 2411 non
1202 2371 1328 2412 secema

248 2450 332 2520 riam,
344 2449 490 2507 ueletiam
504 2447 637 2506 inutilem
651 2466 769 2524 operam
784 2465 968 2507 consumere.
1011 2447 1217 2507 Verumtamen
1231 2465 1289 2528 ego
1303 2448 1344 2507 de·

248 2565 280 2606 re
294 2561 390 2623 neque
405 2551 523 2621 prorsus
539 2541 718 2621 negligenda
729 2553 759 2600 et
772 2541 864 2621 digna
878 2541 1047 2602 liberalibus
1062 2542 1178 2614 studiis,
1192 2555 1224 2604 et
1238 2563 1256 2603 a
1278 2545 1340 2623 ple·

247 2642 345 2720 risque
360 2648 486 2700 tractata
510 2637 718 2716 negligentius,
742 2637 900 2698 dicendum
925 2638 1069 2698 hocloco
1095 2637 1339 2718 aliquidputasi:

247 2735 327 2817 quod
340 2735 458 2814 quidem
473 2733 615 2814 ejusmodi
629 2753 695 2794 esse
708 2733 836 2806 conlido,
858 2743 903 2805 ut,
923 2735 973 2813 qui
993 2735 1067 2794 lorte
1082 2734 1228 2794 soluerint
1241 2735 1271 2794 in
1294 2735 1338 2800 bis

246 2829 356 2892 senari
367 2830 545 2901 stauratius,
555 2830 730 2892 mediocrem
742 2830 929 2892 occasionem
944 2829 1100 2890 exercendi
1114 2831 1242 2891 studium
1253 2848 1338 2893 sunm

247 2925 373 2988 habituri
387 2946 454 2987 esse
466 2925 631 2986 videantur.
675 2926 738 2986 Etsi
753 2936 851 2986 autem
871 2926 936 2986 baec
951 2937 1020 2986 sunt
1033 2926 1192 3006 praecipua,
1205 2943 1260 3007 per
1271 2947 1341 3007 ans

246 3030 387 3100 poterunt
408 3022 521 3081 numeri
542 3039 679 3079 versuum
703 3023 880 3082 comicorum
902 3019 1031 3100 expediri
1056 3033 1086 3082 st
1109 3022 1193 3100 quasi
1215 3023 1337 3096 exsolvi,

246 3123 346 3175 tamen
365 3127 396 3174 et
418 3116 476 3174 alia
489 3113 624 3192 quoedam
640 3113 769 3174 adhunc
787 3135 888 3176 curam
902 3115 1080 3176 assumenda
1094 3127 1218 3188 sunt-et
1236 3117 1265 3176 in
1279 3119 1337 3196 pri·

246 3210 303 3268 mis
317 3210 493 3289 syllabarum
508 3208 673 3288 productio,
696 3231 764 3290 quaa
778 3214 895 3283 seram.
909 3232 944 3271 ac
957 3213 1111 3292 correptio,
1133 3231 1200 3292 quaa
1214 3214 1342 3284 norell

245 3305 421 3365 nominatur.
465 3305 512 3364 Fit
525 3313 622 3367 autem
644 3309 763 3378 ἔντασις,
784 3307 879 3368 vocali
904 3306 1050 3366 interdum
1075 3308 1220 3387 products
1233 3321 1343 3370 nautam

243 3400 340 3459 brevi:
361 3411 405 3471 ut,
419 3399 483 3473 tuit,
498 3409 528 3461 et
541 3402 613 3473 lieri,
628 3402 708 3480 quod
723 3420 811 3482 supra
825 3403 985 3464 retulimus.
1024 3404 1172 3464 Interdum
1187 3403 1337 3482 geminata

245 3504 438 3568 consonante,
449 3503 492 3568 ut,
507 3494 632 3576 relligio,
646 3496 788 3570 redduco,
803 3499 944 3578 repperit:
967 3503 1087 3569 σνντολὴ
1102 3511 1208 3574 autanr,
1222 3499 1339 3580 syllaba

244 3600 396 3668 correpta:
417 3599 450 3648 ut
464 3591 576 3662 omitto,
590 3601 620 3651 et
633 3592 742 3671 rejicio,
756 3603 790 3652 et
801 3601 971 3669 σννιιιρέσιι,
983 3597 1080 3666 saleio,
1096 3605 1146 3655 nt:

362 3685 472 3765 Tityre,
486 3695 641 3764 pascentes
654 3705 672 3745 a
685 3687 805 3746 flumina
823 3688 898 3748 reice
912 3689 1054 3768 capellas.

242 3781 289 3841 lta
302 3790 422 3860 putatur
435 3783 629 3862 ἐκτεταμένον,
645 3782 732 3840 sitam
758 3781 896 3842 dederitis
918 3783 948 3841 iu
969 3781 1077 3842 nodis:
1098 3793 1138 3855 et,
1161 3784 1334 3844 transieritis

242 3886 345 3956 aquas.
388 3875 456 3936 Etsi
466 3877 642 3957 quibusdam
664 3888 770 3938 natura
791 3879 921 3939 flexionis
944 3879 1095 3958 postulare
1109 3879 1234 3951 videtur,
1255 3879 1334 3939 utin

239 3970 407 4048 hujusmodi
420 3972 525 4043 serbis,
546 3973 581 4042 ri,
604 3971 720 4051 syllaba
741 3972 929 4052 producatur,
953 3984 985 4034 at
1007 3975 1059 4035 illa
1072 3976 1243 4054 corripiatur
1262 3980 1342 4036 rosis

241 4073 389 4138 dumiso.
431 4067 505 4127 llaec
518 4077 549 4126 et
567 4069 702 4146 superius
724 4069 918 4130 iudicatorum
932 4074 1030 4131 παθῦν
1049 4070 1087 4132 da
1102 4069 1231 4132 llomem
1244 4072 1335 4131 etiarn

239 4179 319 4222 nunc
332 4161 469 4244 quaedam
484 4161 770 4224 demonstrabimus:
792 4163 888 4226 '1l.o'.
