<?xml version="1.0" encoding="UTF-8"?>
<!DOCTYPE html PUBLIC "-//W3C//DTD XHTML 1.0 Transitional//EN"
    "http://www.w3.org/TR/xhtml1/DTD/xhtml1-transitional.dtd">
<html xmlns="http://www.w3.org/1999/xhtml" xml:lang="en" lang="en">
 <head>
  <title>
</title>
<meta http-equiv="Content-Type" content="text/html;charset=utf-8" />
  <meta name='ocr-system' content='tesseract 3.04.00' />
  <meta name='ocr-capabilities' content='ocr_page ocr_carea ocr_par ocr_line ocrx_word'/>
</head>
<body>
  <div class='ocr_page' id='page_1' title='image "./comoedisex05westgoog_0101.png"; bbox 0 0 2948 4890; ppageno 0'>
   <div class='ocr_carea' id='block_1_1' title="bbox 364 369 1229 436">
    <p class='ocr_par' dir='ltr' id='par_1_1' title="bbox 364 369 1229 436">
     <span class='ocr_line' id='line_1_1' title="bbox 364 369 1229 436; baseline 0.005 -4"><span class='ocrx_word' id='word_1_1' title='bbox 364 381 546 432; x_wconf 77' lang='lat' dir='ltr'>oururure</span> <span class='ocrx_word' id='word_1_2' title='bbox 569 379 717 432; x_wconf 81' lang='lat' dir='ltr'>urrueu</span> <span class='ocrx_word' id='word_1_3' title='bbox 741 377 1002 432; x_wconf 78' lang='lat' dir='ltr'>oreenerurro.</span> <span class='ocrx_word' id='word_1_4' title='bbox 1185 369 1229 436; x_wconf 80' lang='lat' dir='ltr'>or</span> 
     </span>
    </p>
   </div>
   <div class='ocr_carea' id='block_1_2' title="bbox 127 523 1232 2615">
    <p class='ocr_par' dir='ltr' id='par_1_2' title="bbox 127 523 1232 2615">
     <span class='ocr_line' id='line_1_2' title="bbox 127 523 1230 608; baseline 0 -20"><span class='ocrx_word' id='word_1_5' title='bbox 127 529 191 600; x_wconf 80' lang='lat' dir='ltr'>itio,</span> <span class='ocrx_word' id='word_1_6' title='bbox 204 547 273 608; x_wconf 68' lang='lat' dir='ltr'>qun</span> <span class='ocrx_word' id='word_1_7' title='bbox 286 541 348 586; x_wconf 82' lang='lat' dir='ltr'>non</span> <span class='ocrx_word' id='word_1_8' title='bbox 363 534 412 584; x_wconf 84' lang='lat' dir='ltr'>eet</span> <span class='ocrx_word' id='word_1_9' title='bbox 430 525 554 604; x_wconf 68' lang='lat' dir='ltr'>Tragion</span> <span class='ocrx_word' id='word_1_10' title='bbox 568 523 623 588; x_wconf 80' lang='lat' dir='ltr'>ned</span> <span class='ocrx_word' id='word_1_11' title='bbox 643 524 768 586; x_wconf 80' lang='lat' dir='ltr'>Gorniun</span> <span class='ocrx_word' id='word_1_12' title='bbox 790 525 964 604; x_wconf 70' lang='lat' dir='ltr'>(poddm</span> <span class='ocrx_word' id='word_1_13' title='bbox 988 526 1103 588; x_wconf 81' lang='lat' dir='ltr'>roenvit</span> <span class='ocrx_word' id='word_1_14' title='bbox 1116 526 1230 588; x_wconf 80' lang='lat' dir='ltr'>Ariete·</span> 
     </span>
     <span class='ocr_line' id='line_1_3' title="bbox 128 621 1230 706; baseline -0.004 -18"><span class='ocrx_word' id='word_1_15' title='bbox 128 627 227 702; x_wconf 80' lang='lat' dir='ltr'>teter),</span> <span class='ocrx_word' id='word_1_16' title='bbox 240 643 312 705; x_wconf 78' lang='lat' dir='ltr'>pure</span> <span class='ocrx_word' id='word_1_17' title='bbox 325 641 396 703; x_wconf 77' lang='lat' dir='ltr'>quoe</span> <span class='ocrx_word' id='word_1_18' title='bbox 405 621 564 702; x_wconf 86' lang='lat' dir='ltr'>opponitur</span> <span class='ocrx_word' id='word_1_19' title='bbox 577 628 611 706; x_wconf 74' lang='grc' dir='ltr'>νῇ</span> <span class='ocrx_word' id='word_1_20' title='bbox 624 621 703 684; x_wconf 67' lang='lat' dir='ltr'>hinet</span> <span class='ocrx_word' id='word_1_21' title='bbox 714 624 817 702; x_wconf 83' lang='lat' dir='ltr'>(quern</span> <span class='ocrx_word' id='word_1_22' title='bbox 838 632 869 684; x_wconf 86' lang='lat' dir='ltr'>et</span> <span class='ocrx_word' id='word_1_23' title='bbox 882 621 966 684; x_wconf 65' lang='lat' dir='ltr'>itm</span> <span class='ocrx_word' id='word_1_24' title='bbox 979 641 1032 684; x_wconf 82' lang='lat' dir='ltr'>neu</span> <span class='ocrx_word' id='word_1_25' title='bbox 1051 621 1230 684; x_wconf 81' lang='lat' dir='ltr'>tolutionenn</span> 
     </span>
     <span class='ocr_line' id='line_1_4' title="bbox 128 717 1231 800; baseline -0.004 -16"><span class='ocrx_word' id='word_1_26' title='bbox 128 725 261 797; x_wconf 81' lang='lat' dir='ltr'>vocent),</span> <span class='ocrx_word' id='word_1_27' title='bbox 283 740 320 782; x_wconf 83' lang='lat' dir='ltr'>ex</span> <span class='ocrx_word' id='word_1_28' title='bbox 344 718 494 778; x_wconf 79' lang='lat' dir='ltr'>eontentio</span> <span class='ocrx_word' id='word_1_29' title='bbox 507 719 668 794; x_wconf 86' lang='lat' dir='ltr'>epooedere</span> <span class='ocrx_word' id='word_1_30' title='bbox 681 738 743 780; x_wconf 86' lang='lat' dir='ltr'>oon</span> <span class='ocrx_word' id='word_1_31' title='bbox 756 718 862 800; x_wconf 84' lang='lat' dir='ltr'>potnit.</span> <span class='ocrx_word' id='word_1_32' title='bbox 904 720 1013 792; x_wconf 84' lang='lat' dir='ltr'>Quere,</span> <span class='ocrx_word' id='word_1_33' title='bbox 1027 717 1187 800; x_wconf 77' lang='lat' dir='ltr'>impeditor</span> <span class='ocrx_word' id='word_1_34' title='bbox 1199 729 1231 780; x_wconf 87' lang='lat' dir='ltr'>et</span> 
     </span>
     <span class='ocr_line' id='line_1_5' title="bbox 128 813 1230 898; baseline -0.003 -19"><span class='ocrx_word' id='word_1_35' title='bbox 128 818 239 880; x_wconf 83' lang='lat' dir='ltr'>ohlitue</span> <span class='ocrx_word' id='word_1_36' title='bbox 262 818 319 891; x_wconf 81' lang='lat' dir='ltr'>eui,</span> <span class='ocrx_word' id='word_1_37' title='bbox 343 817 386 876; x_wconf 87' lang='lat' dir='ltr'>ire</span> <span class='ocrx_word' id='word_1_38' title='bbox 409 815 526 894; x_wconf 77' lang='lat' dir='ltr'>cogitur</span> <span class='ocrx_word' id='word_1_39' title='bbox 546 813 586 876; x_wconf 82' lang='lat' dir='ltr'>ed</span> <span class='ocrx_word' id='word_1_40' title='bbox 606 816 723 886; x_wconf 73' lang='lat' dir='ltr'>Deum</span> <span class='ocrx_word' id='word_1_41' title='bbox 743 816 802 878; x_wconf 87' lang='lat' dir='ltr'>hoo</span> <span class='ocrx_word' id='word_1_42' title='bbox 825 825 892 884; x_wconf 71' lang='lat' dir='ltr'>eet:</span> <span class='ocrx_word' id='word_1_43' title='bbox 913 818 970 880; x_wconf 76' lang='lat' dir='ltr'>tri</span> <span class='ocrx_word' id='word_1_44' title='bbox 984 830 1113 898; x_wconf 60' lang='lat' dir='ltr'>pexum</span> <span class='ocrx_word' id='word_1_45' title='bbox 1125 815 1230 878; x_wconf 77' lang='lat' dir='ltr'>urhe:</span> 
     </span>
     <span class='ocr_line' id='line_1_6' title="bbox 127 911 1230 995; baseline -0.003 -20"><span class='ocrx_word' id='word_1_46' title='bbox 127 914 209 995; x_wconf 87' lang='lat' dir='ltr'>quod</span> <span class='ocrx_word' id='word_1_47' title='bbox 222 925 272 974; x_wconf 82' lang='lat' dir='ltr'>eet</span> <span class='ocrx_word' id='word_1_48' title='bbox 285 913 421 974; x_wconf 86' lang='lat' dir='ltr'>ultimum</span> <span class='ocrx_word' id='word_1_49' title='bbox 436 911 582 991; x_wconf 73' lang='lat' dir='ltr'>refugium</span> <span class='ocrx_word' id='word_1_50' title='bbox 597 911 710 986; x_wconf 76' lang='lat' dir='ltr'>Poiitre,</span> <span class='ocrx_word' id='word_1_51' title='bbox 728 931 798 974; x_wconf 85' lang='lat' dir='ltr'>cnm</span> <span class='ocrx_word' id='word_1_52' title='bbox 811 919 863 986; x_wconf 66' lang='lat' dir='ltr'>riv</span> <span class='ocrx_word' id='word_1_53' title='bbox 875 911 1022 974; x_wconf 74' lang='lat' dir='ltr'>hietvhoo</span> <span class='ocrx_word' id='word_1_54' title='bbox 1036 924 1092 986; x_wconf 81' lang='lat' dir='ltr'>eet,</span> <span class='ocrx_word' id='word_1_55' title='bbox 1108 912 1230 988; x_wconf 78' lang='lat' dir='ltr'>nodum,</span> 
     </span>
     <span class='ocr_line' id='line_1_7' title="bbox 128 1007 1232 1092; baseline -0.002 -20"><span class='ocrx_word' id='word_1_56' title='bbox 128 1031 217 1092; x_wconf 76' lang='lat' dir='ltr'>quent</span> <span class='ocrx_word' id='word_1_57' title='bbox 231 1011 338 1092; x_wconf 80' lang='lat' dir='ltr'>ligurit</span> <span class='ocrx_word' id='word_1_58' title='bbox 349 1009 424 1091; x_wconf 81' lang='lat' dir='ltr'>ipee,</span> <span class='ocrx_word' id='word_1_59' title='bbox 438 1007 553 1070; x_wconf 72' lang='lat' dir='ltr'>solvere</span> <span class='ocrx_word' id='word_1_60' title='bbox 574 1029 633 1070; x_wconf 90' lang='lat' dir='ltr'>noo</span> <span class='ocrx_word' id='word_1_61' title='bbox 648 1019 759 1090; x_wconf 87' lang='lat' dir='ltr'>poteet,</span> <span class='ocrx_word' id='word_1_62' title='bbox 783 1019 815 1071; x_wconf 89' lang='lat' dir='ltr'>et</span> <span class='ocrx_word' id='word_1_63' title='bbox 827 1029 889 1072; x_wconf 78' lang='lat' dir='ltr'>rein</span> <span class='ocrx_word' id='word_1_64' title='bbox 906 1029 1010 1092; x_wconf 84' lang='lat' dir='ltr'>porum</span> <span class='ocrx_word' id='word_1_65' title='bbox 1022 1009 1144 1090; x_wconf 82' lang='lat' dir='ltr'>provide</span> <span class='ocrx_word' id='word_1_66' title='bbox 1156 1019 1232 1070; x_wconf 85' lang='lat' dir='ltr'>treo-</span> 
     </span>
     <span class='ocr_line' id='line_1_8' title="bbox 128 1105 1232 1186; baseline 0 -18"><span class='ocrx_word' id='word_1_67' title='bbox 128 1110 212 1168; x_wconf 81' lang='lat' dir='ltr'>terit.</span> <span class='ocrx_word' id='word_1_68' title='bbox 255 1107 334 1167; x_wconf 84' lang='lat' dir='ltr'>Nom</span> <span class='ocrx_word' id='word_1_69' title='bbox 358 1117 476 1178; x_wconf 76' lang='lat' dir='ltr'>cetere,</span> <span class='ocrx_word' id='word_1_70' title='bbox 497 1125 567 1186; x_wconf 74' lang='lat' dir='ltr'>qun</span> <span class='ocrx_word' id='word_1_71' title='bbox 589 1105 631 1167; x_wconf 90' lang='lat' dir='ltr'>ihi</span> <span class='ocrx_word' id='word_1_72' title='bbox 655 1107 833 1168; x_wconf 71' lang='lat' dir='ltr'>adhibentur</span> <span class='ocrx_word' id='word_1_73' title='bbox 853 1106 1012 1180; x_wconf 82' lang='lat' dir='ltr'>rneohinre,</span> <span class='ocrx_word' id='word_1_74' title='bbox 1035 1106 1075 1166; x_wconf 82' lang='lat' dir='ltr'>ed</span> <span class='ocrx_word' id='word_1_75' title='bbox 1088 1125 1186 1167; x_wconf 76' lang='lat' dir='ltr'>ruente</span> <span class='ocrx_word' id='word_1_76' title='bbox 1200 1117 1232 1168; x_wconf 88' lang='lat' dir='ltr'>et</span> 
     </span>
     <span class='ocr_line' id='line_1_9' title="bbox 128 1201 1231 1285; baseline -0.002 -19"><span class='ocrx_word' id='word_1_77' title='bbox 128 1203 264 1285; x_wconf 74' lang='lat' dir='ltr'><strong>choragii</strong></span> <span class='ocrx_word' id='word_1_78' title='bbox 277 1213 426 1276; x_wconf 80' lang='lat' dir='ltr'>orontem,</span> <span class='ocrx_word' id='word_1_79' title='bbox 441 1207 486 1263; x_wconf 78' lang='lat' dir='ltr'>ret</span> <span class='ocrx_word' id='word_1_80' title='bbox 499 1205 551 1274; x_wconf 70' lang='grc' dir='ltr'>τὴν</span> <span class='ocrx_word' id='word_1_81' title='bbox 562 1201 643 1280; x_wconf 68' lang='grc' dir='ltr'><strong><em>ὄψιν,</em></strong></span> <span class='ocrx_word' id='word_1_82' title='bbox 665 1213 701 1266; x_wconf 86' lang='lat' dir='ltr'>nt</span> <span class='ocrx_word' id='word_1_83' title='bbox 721 1202 922 1284; x_wconf 65' lang='lat' dir='ltr'>Philosophus</span> <span class='ocrx_word' id='word_1_84' title='bbox 947 1202 986 1264; x_wconf 88' lang='lat' dir='ltr'>de</span> <span class='ocrx_word' id='word_1_85' title='bbox 998 1201 1034 1263; x_wconf 85' lang='lat' dir='ltr'>iie</span> <span class='ocrx_word' id='word_1_86' title='bbox 1048 1201 1131 1282; x_wconf 89' lang='lat' dir='ltr'>loqni</span> <span class='ocrx_word' id='word_1_87' title='bbox 1143 1202 1231 1277; x_wconf 77' lang='lat' dir='ltr'>nolet,</span> 
     </span>
     <span class='ocr_line' id='line_1_10' title="bbox 128 1298 1232 1381; baseline -0.002 -19"><span class='ocrx_word' id='word_1_88' title='bbox 128 1303 316 1363; x_wconf 77' lang='lat' dir='ltr'>referuntur:</span> <span class='ocrx_word' id='word_1_89' title='bbox 338 1301 427 1381; x_wconf 86' lang='lat' dir='ltr'>qoele</span> <span class='ocrx_word' id='word_1_90' title='bbox 439 1314 487 1364; x_wconf 84' lang='lat' dir='ltr'>eet</span> <span class='ocrx_word' id='word_1_91' title='bbox 499 1300 660 1373; x_wconf 87' lang='lat' dir='ltr'>hrontiuro,</span> <span class='ocrx_word' id='word_1_92' title='bbox 673 1309 705 1361; x_wconf 88' lang='lat' dir='ltr'>et</span> <span class='ocrx_word' id='word_1_93' title='bbox 717 1301 990 1381; x_wconf 83' lang='lat' dir='ltr'>ooreunoeoopium,</span> <span class='ocrx_word' id='word_1_94' title='bbox 1004 1317 1128 1380; x_wconf 84' lang='lat' dir='ltr'>quorum</span> <span class='ocrx_word' id='word_1_95' title='bbox 1137 1298 1232 1360; x_wconf 89' lang='lat' dir='ltr'>eltero</span> 
     </span>
     <span class='ocr_line' id='line_1_11' title="bbox 128 1395 1231 1476; baseline -0.005 -16"><span class='ocrx_word' id='word_1_96' title='bbox 128 1398 167 1460; x_wconf 88' lang='lat' dir='ltr'>ed</span> <span class='ocrx_word' id='word_1_97' title='bbox 182 1399 308 1470; x_wconf 77' lang='lat' dir='ltr'><strong>tonitru,</strong></span> <span class='ocrx_word' id='word_1_98' title='bbox 328 1397 387 1458; x_wconf 90' lang='lat' dir='ltr'>hoo</span> <span class='ocrx_word' id='word_1_99' title='bbox 412 1396 452 1458; x_wconf 86' lang='lat' dir='ltr'>td</span> <span class='ocrx_word' id='word_1_100' title='bbox 476 1397 589 1458; x_wconf 80' lang='lat' dir='ltr'>fulmen</span> <span class='ocrx_word' id='word_1_101' title='bbox 613 1397 849 1476; x_wconf 79' lang='lat' dir='ltr'>exprimendum,</span> <span class='ocrx_word' id='word_1_102' title='bbox 872 1395 904 1458; x_wconf 91' lang='lat' dir='ltr'>in</span> <span class='ocrx_word' id='word_1_103' title='bbox 928 1395 1141 1476; x_wconf 74' lang='lat' dir='ltr'>Amphitryone</span> <span class='ocrx_word' id='word_1_104' title='bbox 1154 1413 1231 1476; x_wconf 85' lang='lat' dir='ltr'>oput</span> 
     </span>
     <span class='ocr_line' id='line_1_12' title="bbox 128 1491 1230 1574; baseline -0.005 -18"><span class='ocrx_word' id='word_1_105' title='bbox 128 1493 193 1556; x_wconf 83' lang='lat' dir='ltr'>luit.</span> <span class='ocrx_word' id='word_1_106' title='bbox 236 1493 342 1554; x_wconf 82' lang='lat' dir='ltr'><strong>Finem</strong></span> <span class='ocrx_word' id='word_1_107' title='bbox 360 1511 443 1566; x_wconf 79' lang='lat' dir='ltr'>vero,</span> <span class='ocrx_word' id='word_1_108' title='bbox 466 1511 533 1574; x_wconf 74' lang='lat' dir='ltr'>que</span> <span class='ocrx_word' id='word_1_109' title='bbox 558 1511 577 1554; x_wconf 89' lang='lat' dir='ltr'>e</span> <span class='ocrx_word' id='word_1_110' title='bbox 597 1492 746 1565; x_wconf 84' lang='lat' dir='ltr'>meohion,</span> <span class='ocrx_word' id='word_1_111' title='bbox 769 1493 917 1554; x_wconf 76' lang='lat' dir='ltr'>lubenuue</span> <span class='ocrx_word' id='word_1_112' title='bbox 939 1493 971 1552; x_wconf 89' lang='lat' dir='ltr'>in</span> <span class='ocrx_word' id='word_1_113' title='bbox 991 1491 1118 1572; x_wconf 72' lang='lat' dir='ltr'>Trngioo</span> <span class='ocrx_word' id='word_1_114' title='bbox 1138 1510 1230 1573; x_wconf 87' lang='lat' dir='ltr'>quero</span> 
     </span>
     <span class='ocr_line' id='line_1_13' title="bbox 129 1587 1231 1670; baseline -0.002 -18"><span class='ocrx_word' id='word_1_115' title='bbox 129 1591 254 1654; x_wconf 86' lang='lat' dir='ltr'>Conrieo</span> <span class='ocrx_word' id='word_1_116' title='bbox 268 1601 394 1652; x_wconf 69' lang='lat' dir='ltr'>acuent</span> <span class='ocrx_word' id='word_1_117' title='bbox 408 1589 601 1660; x_wconf 68' lang='lat' dir='ltr'>Aristotelen</span> <span class='ocrx_word' id='word_1_118' title='bbox 623 1589 695 1670; x_wconf 84' lang='lat' dir='ltr'>quin</span> <span class='ocrx_word' id='word_1_119' title='bbox 704 1601 880 1670; x_wconf 75' lang='lat' dir='ltr'>argumento</span> <span class='ocrx_word' id='word_1_120' title='bbox 893 1587 1037 1670; x_wconf 74' lang='lat' dir='ltr'>&#39;lhegioue</span> <span class='ocrx_word' id='word_1_121' title='bbox 1047 1588 1231 1670; x_wconf 74' lang='lat' dir='ltr'>eutriogitnr,</span> 
     </span>
     <span class='ocr_line' id='line_1_14' title="bbox 129 1685 1231 1771; baseline -0.001 -24"><span class='ocrx_word' id='word_1_122' title='bbox 129 1688 210 1768; x_wconf 83' lang='lat' dir='ltr'>quod</span> <span class='ocrx_word' id='word_1_123' title='bbox 222 1687 344 1771; x_wconf 80' lang='lat' dir='ltr'>occipit.</span> <span class='ocrx_word' id='word_1_124' title='bbox 386 1685 566 1769; x_wconf 76' lang='lat' dir='ltr'>Qotuquere</span> <span class='ocrx_word' id='word_1_125' title='bbox 579 1707 617 1750; x_wconf 91' lang='lat' dir='ltr'>ne</span> <span class='ocrx_word' id='word_1_126' title='bbox 632 1686 702 1748; x_wconf 87' lang='lat' dir='ltr'>hoio</span> <span class='ocrx_word' id='word_1_127' title='bbox 715 1687 836 1767; x_wconf 83' lang='lat' dir='ltr'>quidem</span> <span class='ocrx_word' id='word_1_128' title='bbox 848 1705 915 1748; x_wconf 81' lang='lat' dir='ltr'>ento</span> <span class='ocrx_word' id='word_1_129' title='bbox 928 1685 1000 1748; x_wconf 72' lang='lat' dir='ltr'>feeit</span> <span class='ocrx_word' id='word_1_130' title='bbox 1012 1687 1148 1766; x_wconf 73' lang='lat' dir='ltr'>gredere,</span> <span class='ocrx_word' id='word_1_131' title='bbox 1162 1703 1231 1747; x_wconf 78' lang='lat' dir='ltr'>eune</span> 
     </span>
     <span class='ocr_line' id='line_1_15' title="bbox 129 1781 1231 1864; baseline 0 -20"><span class='ocrx_word' id='word_1_132' title='bbox 129 1783 244 1864; x_wconf 81' lang='lat' dir='ltr'>inquit:</span> <span class='ocrx_word' id='word_1_133' title='bbox 265 1783 392 1864; x_wconf 61' lang='grc' dir='ltr'><strong><em>θωμὸν</em></strong></span> <span class='ocrx_word' id='word_1_134' title='bbox 405 1783 466 1857; x_wconf 78' lang='lat' dir='ltr'>odr,</span> <span class='ocrx_word' id='word_1_135' title='bbox 490 1786 535 1848; x_wconf 80' lang='lat' dir='ltr'>dre</span> <span class='ocrx_word' id='word_1_136' title='bbox 547 1789 594 1846; x_wconf 78' lang='lat' dir='ltr'>nni</span> <span class='ocrx_word' id='word_1_137' title='bbox 606 1791 657 1848; x_wconf 74' lang='lat' dir='ltr'>rde</span> <span class='ocrx_word' id='word_1_138' title='bbox 669 1789 763 1846; x_wconf 65' lang='lat' dir='ltr'>leoco</span> <span class='ocrx_word' id='word_1_139' title='bbox 776 1795 832 1846; x_wconf 77' lang='grc' dir='ltr'>νῦν</span> <span class='ocrx_word' id='word_1_140' title='bbox 851 1784 947 1864; x_wconf 68' lang='grc' dir='ltr'><strong><em>μύθνν</em></strong></span> <span class='ocrx_word' id='word_1_141' title='bbox 968 1785 999 1856; x_wconf 68' lang='grc' dir='ltr'>ἐξ</span> <span class='ocrx_word' id='word_1_142' title='bbox 1019 1785 1106 1845; x_wconf 70' lang='lat' dir='ltr'>edroi</span> <span class='ocrx_word' id='word_1_143' title='bbox 1123 1781 1169 1844; x_wconf 75' lang='lat' dir='ltr'>dei</span> <span class='ocrx_word' id='word_1_144' title='bbox 1182 1793 1231 1844; x_wconf 68' lang='lat' dir='ltr'>ret</span> 
     </span>
     <span class='ocr_line' id='line_1_16' title="bbox 128 1877 1232 1964; baseline -0.002 -22"><span class='ocrx_word' id='word_1_145' title='bbox 128 1887 216 1958; x_wconf 69' lang='grc' dir='ltr'><strong><em>μόθον</em></strong></span> <span class='ocrx_word' id='word_1_146' title='bbox 237 1881 421 1962; x_wconf 73' lang='grc' dir='ltr'>συμβαίνειν,</span> <span class='ocrx_word' id='word_1_147' title='bbox 444 1885 491 1944; x_wconf 79' lang='lat' dir='ltr'>rel</span> <span class='ocrx_word' id='word_1_148' title='bbox 506 1885 556 1962; x_wconf 76' lang='grc' dir='ltr'>μὴ,</span> <span class='ocrx_word' id='word_1_149' title='bbox 581 1886 673 1961; x_wconf 70' lang='grc' dir='ltr'>ὅπερ</span> <span class='ocrx_word' id='word_1_150' title='bbox 693 1885 726 1944; x_wconf 71' lang='grc' dir='ltr'>ἂν</span> <span class='ocrx_word' id='word_1_151' title='bbox 751 1885 786 1964; x_wconf 71' lang='grc' dir='ltr'>τῇ</span> <span class='ocrx_word' id='word_1_152' title='bbox 808 1877 938 1958; x_wconf 72' lang='grc' dir='ltr'>Μηδείᾳ,</span> <span class='ocrx_word' id='word_1_153' title='bbox 953 1879 1010 1940; x_wconf 73' lang='grc' dir='ltr'>ἀπὸ</span> <span class='ocrx_word' id='word_1_154' title='bbox 1031 1889 1171 1960; x_wconf 70' lang='grc' dir='ltr'>μηχανῆς,</span> <span class='ocrx_word' id='word_1_155' title='bbox 1184 1881 1232 1941; x_wconf 79' lang='lat' dir='ltr'>uel</span> 
     </span>
     <span class='ocr_line' id='line_1_17' title="bbox 131 1975 1231 2062; baseline 0 -26"><span class='ocrx_word' id='word_1_156' title='bbox 131 1978 324 2062; x_wconf 68' lang='lat' dir='ltr'>trrj&#39;llrtlt</span> <span class='ocrx_word' id='word_1_157' title='bbox 337 1982 372 2040; x_wconf 74' lang='lat' dir='ltr'>rt</span> <span class='ocrx_word' id='word_1_158' title='bbox 385 1981 448 2056; x_wconf 70' lang='grc' dir='ltr'>περὶ</span> <span class='ocrx_word' id='word_1_159' title='bbox 471 1979 521 2040; x_wconf 75' lang='grc' dir='ltr'>τὸν</span> <span class='ocrx_word' id='word_1_160' title='bbox 538 1981 705 2040; x_wconf 65' lang='lat' dir='ltr'>tutelone:</span> <span class='ocrx_word' id='word_1_161' title='bbox 726 1977 758 2040; x_wconf 90' lang='lat' dir='ltr'>id</span> <span class='ocrx_word' id='word_1_162' title='bbox 768 1987 835 2038; x_wconf 79' lang='lat' dir='ltr'>ert:</span> <span class='ocrx_word' id='word_1_163' title='bbox 868 1975 1062 2038; x_wconf 73' lang='lat' dir='ltr'><strong>Manifestum</strong></span> <span class='ocrx_word' id='word_1_164' title='bbox 1087 1993 1159 2056; x_wconf 77' lang='lat' dir='ltr'>ergo</span> <span class='ocrx_word' id='word_1_165' title='bbox 1173 1984 1231 2048; x_wconf 83' lang='lat' dir='ltr'>eet,</span> 
     </span>
     <span class='ocr_line' id='line_1_18' title="bbox 130 2071 1232 2156; baseline -0.002 -22"><span class='ocrx_word' id='word_1_166' title='bbox 130 2076 217 2135; x_wconf 85' lang='lat' dir='ltr'>etiem</span> <span class='ocrx_word' id='word_1_167' title='bbox 231 2074 344 2134; x_wconf 84' lang='lat' dir='ltr'>exitum</span> <span class='ocrx_word' id='word_1_168' title='bbox 359 2073 490 2150; x_wconf 74' lang='lat' dir='ltr'>Febuler,</span> <span class='ocrx_word' id='word_1_169' title='bbox 504 2093 521 2134; x_wconf 88' lang='lat' dir='ltr'>o</span> <span class='ocrx_word' id='word_1_170' title='bbox 536 2073 651 2136; x_wconf 81' lang='lat' dir='ltr'>Fehule</span> <span class='ocrx_word' id='word_1_171' title='bbox 671 2075 737 2156; x_wconf 79' lang='lat' dir='ltr'>ipen</span> <span class='ocrx_word' id='word_1_172' title='bbox 758 2075 819 2156; x_wconf 88' lang='lat' dir='ltr'>peti</span> <span class='ocrx_word' id='word_1_173' title='bbox 832 2071 953 2148; x_wconf 85' lang='lat' dir='ltr'>debore,</span> <span class='ocrx_word' id='word_1_174' title='bbox 976 2091 1038 2134; x_wconf 90' lang='lat' dir='ltr'>noo</span> <span class='ocrx_word' id='word_1_175' title='bbox 1052 2092 1071 2133; x_wconf 84' lang='lat' dir='ltr'>n</span> <span class='ocrx_word' id='word_1_176' title='bbox 1083 2071 1232 2146; x_wconf 74' lang='lat' dir='ltr'>machine,</span> 
     </span>
     <span class='ocr_line' id='line_1_19' title="bbox 131 2168 1232 2250; baseline 0 -20"><span class='ocrx_word' id='word_1_177' title='bbox 131 2180 164 2230; x_wconf 86' lang='lat' dir='ltr'>ut</span> <span class='ocrx_word' id='word_1_178' title='bbox 176 2171 206 2230; x_wconf 89' lang='lat' dir='ltr'>in</span> <span class='ocrx_word' id='word_1_179' title='bbox 222 2169 343 2242; x_wconf 82' lang='lat' dir='ltr'>Medea,</span> <span class='ocrx_word' id='word_1_180' title='bbox 358 2169 670 2250; x_wconf 78' lang='lat' dir='ltr'>nptquernedrnodum</span> <span class='ocrx_word' id='word_1_181' title='bbox 684 2175 715 2233; x_wconf 92' lang='lat' dir='ltr'>in</span> <span class='ocrx_word' id='word_1_182' title='bbox 729 2171 833 2244; x_wconf 78' lang='lat' dir='ltr'>Iliade,</span> <span class='ocrx_word' id='word_1_183' title='bbox 848 2171 878 2232; x_wconf 91' lang='lat' dir='ltr'>io</span> <span class='ocrx_word' id='word_1_184' title='bbox 890 2171 927 2231; x_wconf 87' lang='lat' dir='ltr'>iie</span> <span class='ocrx_word' id='word_1_185' title='bbox 937 2190 1006 2250; x_wconf 81' lang='lat' dir='ltr'>qooe</span> <span class='ocrx_word' id='word_1_186' title='bbox 1015 2170 1094 2231; x_wconf 84' lang='lat' dir='ltr'>oiroe</span> <span class='ocrx_word' id='word_1_187' title='bbox 1103 2168 1232 2230; x_wconf 84' lang='lat' dir='ltr'>reditum</span> 
     </span>
     <span class='ocr_line' id='line_1_20' title="bbox 132 2263 1231 2350; baseline -0.001 -24"><span class='ocrx_word' id='word_1_188' title='bbox 132 2265 306 2328; x_wconf 73' lang='lat' dir='ltr'>Graeoomur</span> <span class='ocrx_word' id='word_1_189' title='bbox 326 2263 411 2328; x_wconf 81' lang='lat' dir='ltr'>hunt.</span> <span class='ocrx_word' id='word_1_190' title='bbox 451 2267 590 2329; x_wconf 83' lang='lat' dir='ltr'>Medennr</span> <span class='ocrx_word' id='word_1_191' title='bbox 605 2281 714 2342; x_wconf 82' lang='lat' dir='ltr'>eutem,</span> <span class='ocrx_word' id='word_1_192' title='bbox 736 2287 798 2330; x_wconf 89' lang='lat' dir='ltr'>non</span> <span class='ocrx_word' id='word_1_193' title='bbox 811 2266 1013 2350; x_wconf 80' lang='lat' dir='ltr'>Euripideum,</span> <span class='ocrx_word' id='word_1_194' title='bbox 1035 2266 1090 2328; x_wconf 82' lang='lat' dir='ltr'>red</span> <span class='ocrx_word' id='word_1_195' title='bbox 1109 2264 1231 2326; x_wconf 83' lang='lat' dir='ltr'>elteriut</span> 
     </span>
     <span class='ocr_line' id='line_1_21' title="bbox 132 2359 1231 2442; baseline 0.012 -21"><span class='ocrx_word' id='word_1_196' title='bbox 132 2361 271 2442; x_wconf 77' lang='lat' dir='ltr'>intelligit</span> <span class='ocrx_word' id='word_1_197' title='bbox 285 2361 398 2424; x_wconf 62' lang='lat' dir='ltr'>Poeta.</span> <span class='ocrx_word' id='word_1_198' title='bbox 430 2363 551 2424; x_wconf 84' lang='lat' dir='ltr'>ldemet</span> <span class='ocrx_word' id='word_1_199' title='bbox 561 2363 713 2439; x_wconf 75' lang='lat' dir='ltr'>Homine,</span> <span class='ocrx_word' id='word_1_200' title='bbox 726 2385 744 2426; x_wconf 86' lang='lat' dir='ltr'>o</span> <span class='ocrx_word' id='word_1_201' title='bbox 758 2365 897 2440; x_wconf 86' lang='lat' dir='ltr'>Pnrieoo,</span> <span class='ocrx_word' id='word_1_202' title='bbox 907 2362 1009 2436; x_wconf 83' lang='lat' dir='ltr'>oredo,</span> <span class='ocrx_word' id='word_1_203' title='bbox 1024 2359 1231 2442; x_wconf 68' lang='lat' dir='ltr'>Neoptolemo,</span> 
     </span>
     <span class='ocr_line' id='line_1_22' title="bbox 132 2453 1231 2542; baseline 0.001 -25"><span class='ocrx_word' id='word_1_204' title='bbox 132 2477 222 2538; x_wconf 85' lang='lat' dir='ltr'>equo</span> <span class='ocrx_word' id='word_1_205' title='bbox 243 2459 385 2540; x_wconf 77' lang='lat' dir='ltr'>pleneque</span> <span class='ocrx_word' id='word_1_206' title='bbox 407 2471 558 2541; x_wconf 79' lang='lat' dir='ltr'>preeeptn</span> <span class='ocrx_word' id='word_1_207' title='bbox 578 2477 633 2524; x_wconf 83' lang='lat' dir='ltr'>ene</span> <span class='ocrx_word' id='word_1_208' title='bbox 656 2462 688 2522; x_wconf 89' lang='lat' dir='ltr'>in</span> <span class='ocrx_word' id='word_1_209' title='bbox 708 2462 766 2524; x_wconf 93' lang='lat' dir='ltr'>hoo</span> <span class='ocrx_word' id='word_1_210' title='bbox 790 2461 901 2542; x_wconf 84' lang='lat' dir='ltr'>eoripto</span> <span class='ocrx_word' id='word_1_211' title='bbox 924 2457 1035 2535; x_wconf 82' lang='lat' dir='ltr'>heutit,</span> <span class='ocrx_word' id='word_1_212' title='bbox 1057 2453 1231 2540; x_wconf 52' lang='lat' dir='ltr'>lupeudurn</span> 
     </span>
     <span class='ocr_line' id='line_1_23' title="bbox 132 2565 251 2615; baseline -0.008 0"><span class='ocrx_word' id='word_1_213' title='bbox 132 2565 251 2615; x_wconf 81' lang='lat' dir='ltr'>monet:</span> 
     </span>
    </p>
   </div>
   <div class='ocr_carea' id='block_1_3' title="bbox 211 2693 949 2855">
    <p class='ocr_par' dir='ltr' id='par_1_3' title="bbox 211 2693 949 2855">
     <span class='ocr_line' id='line_1_24' title="bbox 211 2693 949 2853; baseline 0.005 -97"><span class='ocrx_word' id='word_1_214' title='bbox 211 2693 375 2853; x_wconf 71' lang='lat' dir='ltr'>NecdDeue</span> <span class='ocrx_word' id='word_1_215' title='bbox 387 2695 511 2776; x_wconf 74' lang='lat' dir='ltr'>intersit,</span> <span class='ocrx_word' id='word_1_216' title='bbox 525 2699 583 2762; x_wconf 79' lang='lat' dir='ltr'>uiui</span> <span class='ocrx_word' id='word_1_217' title='bbox 597 2701 707 2782; x_wconf 79' lang='lat' dir='ltr'>dignun</span> <span class='ocrx_word' id='word_1_218' title='bbox 721 2695 838 2761; x_wconf 82' lang='lat' dir='ltr'>vindice</span> <span class='ocrx_word' id='word_1_219' title='bbox 852 2695 949 2760; x_wconf 81' lang='lat' dir='ltr'>nodus</span> 
     </span>
     <span class='ocr_line' id='line_1_25' title="bbox 211 2795 365 2855; baseline 0.006 -2"><span class='ocrx_word' id='word_1_220' title='bbox 211 2795 275 2855; x_wconf 88' lang='lat' dir='ltr'>loci</span> <span class='ocrx_word' id='word_1_221' title='bbox 300 2795 365 2854; x_wconf 85' lang='lat' dir='ltr'>erit.</span> 
     </span>
    </p>
   </div>
   <div class='ocr_carea' id='block_1_4' title="bbox 133 2935 1235 4276">
    <p class='ocr_par' dir='ltr' id='par_1_4' title="bbox 133 2935 1235 4276">
     <span class='ocr_line' id='line_1_26' title="bbox 135 2935 1233 3022; baseline 0.005 -26"><span class='ocrx_word' id='word_1_222' title='bbox 135 2939 190 3000; x_wconf 90' lang='lat' dir='ltr'>Ubi</span> <span class='ocrx_word' id='word_1_223' title='bbox 212 2937 312 2999; x_wconf 86' lang='lat' dir='ltr'>nodoe</span> <span class='ocrx_word' id='word_1_224' title='bbox 327 2947 374 2998; x_wconf 84' lang='lat' dir='ltr'>eet</span> <span class='ocrx_word' id='word_1_225' title='bbox 387 2943 405 3011; x_wconf 73' lang='lat' dir='ltr'>l</span> <span class='ocrx_word' id='word_1_226' title='bbox 418 2937 505 3012; x_wconf 75' lang='lat' dir='ltr'>lton,</span> <span class='ocrx_word' id='word_1_227' title='bbox 527 2957 596 3020; x_wconf 79' lang='lat' dir='ltr'>quoe</span> <span class='ocrx_word' id='word_1_228' title='bbox 620 2935 768 3000; x_wconf 87' lang='lat' dir='ltr'>interdurn</span> <span class='ocrx_word' id='word_1_229' title='bbox 781 2955 839 3018; x_wconf 89' lang='lat' dir='ltr'>opo</span> <span class='ocrx_word' id='word_1_230' title='bbox 862 2935 993 2997; x_wconf 83' lang='lat' dir='ltr'>humone</span> <span class='ocrx_word' id='word_1_231' title='bbox 1015 2937 1090 3000; x_wconf 77' lang='lat' dir='ltr'>solvi</span> <span class='ocrx_word' id='word_1_232' title='bbox 1104 2957 1164 3002; x_wconf 89' lang='lat' dir='ltr'>uon</span> <span class='ocrx_word' id='word_1_233' title='bbox 1178 2959 1233 3022; x_wconf 89' lang='lat' dir='ltr'>po-</span> 
     </span>
     <span class='ocr_line' id='line_1_27' title="bbox 134 3031 1234 3118; baseline 0.005 -22"><span class='ocrx_word' id='word_1_234' title='bbox 134 3047 200 3096; x_wconf 74' lang='lat' dir='ltr'><strong>test.</strong></span> <span class='ocrx_word' id='word_1_235' title='bbox 231 3031 302 3104; x_wconf 83' lang='lat' dir='ltr'>&#39;Qui</span> <span class='ocrx_word' id='word_1_236' title='bbox 312 3033 442 3115; x_wconf 85' lang='lat' dir='ltr'>quidem,</span> <span class='ocrx_word' id='word_1_237' title='bbox 456 3035 513 3096; x_wconf 77' lang='lat' dir='ltr'>uiti</span> <span class='ocrx_word' id='word_1_238' title='bbox 526 3047 632 3114; x_wconf 78' lang='lat' dir='ltr'>preter</span> <span class='ocrx_word' id='word_1_239' title='bbox 642 3033 744 3096; x_wconf 72' lang='lat' dir='ltr'>Poitn</span> <span class='ocrx_word' id='word_1_240' title='bbox 759 3034 941 3096; x_wconf 76' lang='lat' dir='ltr'>voluntatem</span> <span class='ocrx_word' id='word_1_241' title='bbox 955 3041 1008 3094; x_wconf 79' lang='lat' dir='ltr'>tot</span> <span class='ocrx_word' id='word_1_242' title='bbox 1020 3053 1056 3096; x_wconf 80' lang='lat' dir='ltr'>ex</span> <span class='ocrx_word' id='word_1_243' title='bbox 1067 3039 1234 3118; x_wconf 81' lang='lat' dir='ltr'>nrgumeotl</span> 
     </span>
     <span class='ocr_line' id='line_1_28' title="bbox 133 3129 1233 3214; baseline 0.006 -23"><span class='ocrx_word' id='word_1_244' title='bbox 133 3132 247 3194; x_wconf 81' lang='lat' dir='ltr'>eveniet</span> <span class='ocrx_word' id='word_1_245' title='bbox 260 3129 449 3204; x_wconf 82' lang='lat' dir='ltr'>neoeeeiteoe,</span> <span class='ocrx_word' id='word_1_246' title='bbox 473 3149 533 3192; x_wconf 90' lang='lat' dir='ltr'>oon</span> <span class='ocrx_word' id='word_1_247' title='bbox 549 3149 568 3191; x_wconf 79' lang='grc' dir='ltr'>ι</span> <span class='ocrx_word' id='word_1_248' title='bbox 582 3132 659 3204; x_wconf 89' lang='lat' dir='ltr'>Deo,</span> <span class='ocrx_word' id='word_1_249' title='bbox 672 3131 753 3211; x_wconf 86' lang='lat' dir='ltr'>quod</span> <span class='ocrx_word' id='word_1_250' title='bbox 772 3129 902 3211; x_wconf 84' lang='lat' dir='ltr'>oujnerie</span> <span class='ocrx_word' id='word_1_251' title='bbox 924 3133 1013 3193; x_wconf 80' lang='lat' dir='ltr'>etinrn</span> <span class='ocrx_word' id='word_1_252' title='bbox 1025 3131 1233 3214; x_wconf 79' lang='lat' dir='ltr'>imperitiorimi</span> 
     </span>
     <span class='ocr_line' id='line_1_29' title="bbox 133 3225 1235 3312; baseline 0.005 -24"><span class='ocrx_word' id='word_1_253' title='bbox 133 3241 179 3288; x_wconf 84' lang='lat' dir='ltr'>eet</span> <span class='ocrx_word' id='word_1_254' title='bbox 190 3227 332 3300; x_wconf 79' lang='lat' dir='ltr'>hominio,</span> <span class='ocrx_word' id='word_1_255' title='bbox 345 3247 447 3289; x_wconf 85' lang='lat' dir='ltr'>rerum</span> <span class='ocrx_word' id='word_1_256' title='bbox 460 3247 479 3288; x_wconf 86' lang='lat' dir='ltr'>n</span> <span class='ocrx_word' id='word_1_257' title='bbox 493 3227 587 3289; x_wconf 80' lang='lat' dir='ltr'>Polite</span> <span class='ocrx_word' id='word_1_258' title='bbox 608 3229 683 3290; x_wconf 83' lang='lat' dir='ltr'>eolvi</span> <span class='ocrx_word' id='word_1_259' title='bbox 697 3227 796 3290; x_wconf 86' lang='lat' dir='ltr'>dehet.</span> <span class='ocrx_word' id='word_1_260' title='bbox 837 3225 963 3302; x_wconf 79' lang='lat' dir='ltr'>Rureue,</span> <span class='ocrx_word' id='word_1_261' title='bbox 975 3227 1052 3291; x_wconf 83' lang='lat' dir='ltr'>eiont</span> <span class='ocrx_word' id='word_1_262' title='bbox 1065 3231 1161 3311; x_wconf 84' lang='lat' dir='ltr'>pictor</span> <span class='ocrx_word' id='word_1_263' title='bbox 1174 3233 1235 3312; x_wconf 89' lang='lat' dir='ltr'>pri·</span> 
     </span>
     <span class='ocr_line' id='line_1_30' title="bbox 133 3321 1235 3406; baseline 0.005 -22"><span class='ocrx_word' id='word_1_264' title='bbox 133 3344 179 3386; x_wconf 87' lang='lat' dir='ltr'>ruo</span> <span class='ocrx_word' id='word_1_265' title='bbox 191 3324 335 3384; x_wconf 75' lang='lat' dir='ltr'>ambitum</span> <span class='ocrx_word' id='word_1_266' title='bbox 347 3321 488 3397; x_wconf 77' lang='lat' dir='ltr'>delineet,</span> <span class='ocrx_word' id='word_1_267' title='bbox 508 3322 617 3386; x_wconf 79' lang='lat' dir='ltr'>deiude</span> <span class='ocrx_word' id='word_1_268' title='bbox 641 3323 760 3404; x_wconf 72' lang='lat' dir='ltr'>singule</span> <span class='ocrx_word' id='word_1_269' title='bbox 783 3324 922 3398; x_wconf 83' lang='lat' dir='ltr'>ehrolvit,</span> <span class='ocrx_word' id='word_1_270' title='bbox 942 3323 985 3386; x_wconf 76' lang='lat' dir='ltr'>ite</span> <span class='ocrx_word' id='word_1_271' title='bbox 1005 3325 1124 3406; x_wconf 82' lang='lat' dir='ltr'>oepiene</span> <span class='ocrx_word' id='word_1_272' title='bbox 1139 3329 1235 3390; x_wconf 78' lang='lat' dir='ltr'>Poh&#39;tn</span> 
     </span>
     <span class='ocr_line' id='line_1_31' title="bbox 133 3421 1235 3496; baseline 0.004 -14"><span class='ocrx_word' id='word_1_273' title='bbox 133 3423 280 3482; x_wconf 79' lang='lat' dir='ltr'>notionem</span> <span class='ocrx_word' id='word_1_274' title='bbox 298 3439 384 3482; x_wconf 79' lang='lat' dir='ltr'>eueni</span> <span class='ocrx_word' id='word_1_275' title='bbox 404 3421 627 3483; x_wconf 80' lang='lat' dir='ltr'>circumeorihit.</span> <span class='ocrx_word' id='word_1_276' title='bbox 668 3421 811 3496; x_wconf 82' lang='lat' dir='ltr'>Primum,</span> <span class='ocrx_word' id='word_1_277' title='bbox 823 3431 859 3482; x_wconf 87' lang='lat' dir='ltr'>ut</span> <span class='ocrx_word' id='word_1_278' title='bbox 880 3422 919 3483; x_wconf 82' lang='lat' dir='ltr'>eit</span> <span class='ocrx_word' id='word_1_279' title='bbox 939 3431 1021 3484; x_wconf 74' lang='lat' dir='ltr'>tote:</span> <span class='ocrx_word' id='word_1_280' title='bbox 1049 3423 1107 3484; x_wconf 89' lang='lat' dir='ltr'>hoo</span> <span class='ocrx_word' id='word_1_281' title='bbox 1128 3434 1186 3496; x_wconf 85' lang='lat' dir='ltr'>eet,</span> <span class='ocrx_word' id='word_1_282' title='bbox 1199 3437 1235 3488; x_wconf 94' lang='lat' dir='ltr'>ut</span> 
     </span>
     <span class='ocr_line' id='line_1_32' title="bbox 133 3517 1234 3600; baseline 0.005 -22"><span class='ocrx_word' id='word_1_283' title='bbox 133 3518 319 3599; x_wconf 74' lang='lat' dir='ltr'>principium,</span> <span class='ocrx_word' id='word_1_284' title='bbox 333 3525 367 3579; x_wconf 87' lang='lat' dir='ltr'>ut</span> <span class='ocrx_word' id='word_1_285' title='bbox 378 3517 468 3580; x_wconf 81' lang='lat' dir='ltr'>finem</span> <span class='ocrx_word' id='word_1_286' title='bbox 481 3519 600 3594; x_wconf 80' lang='lat' dir='ltr'>hebent,</span> <span class='ocrx_word' id='word_1_287' title='bbox 625 3529 656 3580; x_wconf 86' lang='lat' dir='ltr'>et</span> <span class='ocrx_word' id='word_1_288' title='bbox 668 3517 797 3580; x_wconf 84' lang='lat' dir='ltr'>medium</span> <span class='ocrx_word' id='word_1_289' title='bbox 811 3537 820 3579; x_wconf 76' lang='grc' dir='ltr'><strong>ι</strong></span> <span class='ocrx_word' id='word_1_290' title='bbox 841 3537 909 3598; x_wconf 77' lang='lat' dir='ltr'>quie</span> <span class='ocrx_word' id='word_1_291' title='bbox 922 3517 952 3578; x_wconf 91' lang='lat' dir='ltr'>in</span> <span class='ocrx_word' id='word_1_292' title='bbox 966 3519 1093 3580; x_wconf 76' lang='lat' dir='ltr'><strong>minimi·</strong></span> <span class='ocrx_word' id='word_1_293' title='bbox 1114 3537 1234 3600; x_wconf 87' lang='lat' dir='ltr'>quoque</span> 
     </span>
     <span class='ocr_line' id='line_1_33' title="bbox 133 3611 1235 3695; baseline 0 -19"><span class='ocrx_word' id='word_1_294' title='bbox 133 3633 197 3676; x_wconf 78' lang='lat' dir='ltr'>eene</span> <span class='ocrx_word' id='word_1_295' title='bbox 212 3625 351 3694; x_wconf 77' lang='lat' dir='ltr'>poenum.</span> <span class='ocrx_word' id='word_1_296' title='bbox 392 3611 517 3676; x_wconf 82' lang='lat' dir='ltr'>llininre</span> <span class='ocrx_word' id='word_1_297' title='bbox 539 3625 638 3676; x_wconf 83' lang='lat' dir='ltr'>eutem</span> <span class='ocrx_word' id='word_1_298' title='bbox 662 3611 847 3676; x_wconf 80' lang='lat' dir='ltr'>eoneumrix</span> <span class='ocrx_word' id='word_1_299' title='bbox 867 3613 1043 3676; x_wconf 73' lang='lat' dir='ltr'>admittunt:</span> <span class='ocrx_word' id='word_1_300' title='bbox 1063 3633 1174 3695; x_wconf 74' lang='lat' dir='ltr'>negno</span> <span class='ocrx_word' id='word_1_301' title='bbox 1188 3615 1235 3676; x_wconf 87' lang='lat' dir='ltr'>oi-</span> 
     </span>
     <span class='ocr_line' id='line_1_34' title="bbox 133 3709 1234 3792; baseline 0.002 -23"><span class='ocrx_word' id='word_1_302' title='bbox 133 3711 224 3770; x_wconf 80' lang='lat' dir='ltr'>nium</span> <span class='ocrx_word' id='word_1_303' title='bbox 236 3709 425 3792; x_wconf 73' lang='lat' dir='ltr'>dieperguut.</span> <span class='ocrx_word' id='word_1_304' title='bbox 467 3713 519 3772; x_wconf 84' lang='lat' dir='ltr'>Sio</span> <span class='ocrx_word' id='word_1_305' title='bbox 541 3713 693 3774; x_wconf 83' lang='lat' dir='ltr'>lormionm</span> <span class='ocrx_word' id='word_1_306' title='bbox 706 3712 756 3772; x_wconf 82' lang='lat' dir='ltr'>vix</span> <span class='ocrx_word' id='word_1_307' title='bbox 769 3710 922 3772; x_wconf 75' lang='lat' dir='ltr'>videntne:</span> <span class='ocrx_word' id='word_1_308' title='bbox 950 3711 982 3770; x_wconf 90' lang='lat' dir='ltr'>in</span> <span class='ocrx_word' id='word_1_309' title='bbox 995 3721 1159 3790; x_wconf 79' lang='lat' dir='ltr'>conopeotu</span> <span class='ocrx_word' id='word_1_310' title='bbox 1172 3711 1234 3772; x_wconf 88' lang='lat' dir='ltr'>ele·</span> 
     </span>
     <span class='ocr_line' id='line_1_35' title="bbox 133 3803 1234 3888; baseline 0 -22"><span class='ocrx_word' id='word_1_311' title='bbox 133 3805 235 3885; x_wconf 85' lang='lat' dir='ltr'>phnnti</span> <span class='ocrx_word' id='word_1_312' title='bbox 254 3807 336 3867; x_wconf 85' lang='lat' dir='ltr'>vieue</span> <span class='ocrx_word' id='word_1_313' title='bbox 352 3807 399 3867; x_wconf 80' lang='lat' dir='ltr'>rix</span> <span class='ocrx_word' id='word_1_314' title='bbox 413 3805 571 3888; x_wconf 76' lang='lat' dir='ltr'>colligitur.</span> <span class='ocrx_word' id='word_1_315' title='bbox 612 3807 712 3878; x_wconf 74' lang='lat' dir='ltr'>Quare</span> <span class='ocrx_word' id='word_1_316' title='bbox 733 3805 895 3869; x_wconf 61' lang='lat' dir='ltr'>comodis</span> <span class='ocrx_word' id='word_1_317' title='bbox 908 3803 1135 3885; x_wconf 73' lang='lat' dir='ltr'>Tregredioque</span> <span class='ocrx_word' id='word_1_318' title='bbox 1149 3823 1234 3888; x_wconf 71' lang='lat' dir='ltr'>ning-</span> 
     </span>
     <span class='ocr_line' id='line_1_36' title="bbox 133 3901 1235 3987; baseline 0.002 -25"><span class='ocrx_word' id='word_1_319' title='bbox 133 3901 250 3976; x_wconf 90' lang='lat' dir='ltr'>nitudo,</span> <span class='ocrx_word' id='word_1_320' title='bbox 263 3913 298 3963; x_wconf 87' lang='lat' dir='ltr'>et</span> <span class='ocrx_word' id='word_1_321' title='bbox 309 3903 459 3983; x_wconf 72' lang='lat' dir='ltr'>periodon,</span> <span class='ocrx_word' id='word_1_322' title='bbox 472 3913 507 3965; x_wconf 89' lang='lat' dir='ltr'>ut</span> <span class='ocrx_word' id='word_1_323' title='bbox 520 3922 587 3967; x_wconf 85' lang='lat' dir='ltr'>erun</span> <span class='ocrx_word' id='word_1_324' title='bbox 601 3905 784 3987; x_wconf 85' lang='lat' dir='ltr'>Philoeopho</span> <span class='ocrx_word' id='word_1_325' title='bbox 794 3903 851 3964; x_wconf 87' lang='lat' dir='ltr'>hoo</span> <span class='ocrx_word' id='word_1_326' title='bbox 862 3903 969 3974; x_wconf 70' lang='lat' dir='ltr'>dimin,</span> <span class='ocrx_word' id='word_1_327' title='bbox 979 3921 996 3961; x_wconf 95' lang='lat' dir='ltr'>e</span> <span class='ocrx_word' id='word_1_328' title='bbox 1006 3911 1114 3963; x_wconf 81' lang='lat' dir='ltr'>neturn</span> <span class='ocrx_word' id='word_1_329' title='bbox 1123 3903 1235 3965; x_wconf 84' lang='lat' dir='ltr'>utriue·</span> 
     </span>
     <span class='ocr_line' id='line_1_37' title="bbox 133 3997 1235 4082; baseline 0.003 -22"><span class='ocrx_word' id='word_1_330' title='bbox 133 4019 189 4082; x_wconf 88' lang='lat' dir='ltr'>que</span> <span class='ocrx_word' id='word_1_331' title='bbox 211 4009 243 4060; x_wconf 91' lang='lat' dir='ltr'>et</span> <span class='ocrx_word' id='word_1_332' title='bbox 264 3999 379 4060; x_wconf 81' lang='lat' dir='ltr'>notione</span> <span class='ocrx_word' id='word_1_333' title='bbox 402 3999 464 4080; x_wconf 85' lang='lat' dir='ltr'>peti</span> <span class='ocrx_word' id='word_1_334' title='bbox 486 3999 606 4063; x_wconf 84' lang='lat' dir='ltr'>dehent.</span> <span class='ocrx_word' id='word_1_335' title='bbox 642 4001 691 4076; x_wconf 83' lang='lat' dir='ltr'>Et,</span> <span class='ocrx_word' id='word_1_336' title='bbox 712 4001 875 4062; x_wconf 70' lang='lat' dir='ltr'>mutatione</span> <span class='ocrx_word' id='word_1_337' title='bbox 900 3997 1005 4080; x_wconf 85' lang='lat' dir='ltr'>prime,</span> <span class='ocrx_word' id='word_1_338' title='bbox 1023 3997 1081 4060; x_wconf 90' lang='lat' dir='ltr'>hoo</span> <span class='ocrx_word' id='word_1_339' title='bbox 1094 4011 1235 4075; x_wconf 84' lang='lat' dir='ltr'>eet,oum</span> 
     </span>
     <span class='ocr_line' id='line_1_38' title="bbox 134 4093 1235 4180; baseline 0.004 -25"><span class='ocrx_word' id='word_1_340' title='bbox 134 4095 308 4158; x_wconf 74' lang='lat' dir='ltr'>infelicitete</span> <span class='ocrx_word' id='word_1_341' title='bbox 320 4093 359 4156; x_wconf 86' lang='lat' dir='ltr'>nd</span> <span class='ocrx_word' id='word_1_342' title='bbox 375 4095 544 4160; x_wconf 82' lang='lat' dir='ltr'>lolioitetern</span> <span class='ocrx_word' id='word_1_343' title='bbox 563 4097 594 4156; x_wconf 91' lang='lat' dir='ltr'>io</span> <span class='ocrx_word' id='word_1_344' title='bbox 615 4097 781 4169; x_wconf 74' lang='lat' dir='ltr'>Comoedie,</span> <span class='ocrx_word' id='word_1_345' title='bbox 800 4105 904 4158; x_wconf 75' lang='lat' dir='ltr'>oooue</span> <span class='ocrx_word' id='word_1_346' title='bbox 917 4105 1016 4157; x_wconf 79' lang='lat' dir='ltr'>eutem</span> <span class='ocrx_word' id='word_1_347' title='bbox 1030 4097 1061 4156; x_wconf 88' lang='lat' dir='ltr'>in</span> <span class='ocrx_word' id='word_1_348' title='bbox 1076 4097 1235 4180; x_wconf 78' lang='lat' dir='ltr'>Tregoedin</span> 
     </span>
     <span class='ocr_line' id='line_1_39' title="bbox 135 4191 1234 4276; baseline 0.004 -23"><span class='ocrx_word' id='word_1_349' title='bbox 135 4191 240 4254; x_wconf 74' lang='lat' dir='ltr'>mouri</span> <span class='ocrx_word' id='word_1_350' title='bbox 256 4201 357 4272; x_wconf 82' lang='lat' dir='ltr'>potent</span> <span class='ocrx_word' id='word_1_351' title='bbox 367 4192 445 4254; x_wconf 88' lang='lat' dir='ltr'>notio</span> <span class='ocrx_word' id='word_1_352' title='bbox 457 4213 466 4263; x_wconf 77' lang='lat' dir='ltr'><strong>t</strong></span> <span class='ocrx_word' id='word_1_353' title='bbox 488 4193 531 4255; x_wconf 84' lang='lat' dir='ltr'>ite</span> <span class='ocrx_word' id='word_1_354' title='bbox 545 4203 579 4254; x_wconf 89' lang='lat' dir='ltr'>ut</span> <span class='ocrx_word' id='word_1_355' title='bbox 591 4213 629 4256; x_wconf 85' lang='lat' dir='ltr'>ex</span> <span class='ocrx_word' id='word_1_356' title='bbox 643 4203 817 4275; x_wconf 71' lang='lat' dir='ltr'>argumento</span> <span class='ocrx_word' id='word_1_357' title='bbox 831 4191 913 4268; x_wconf 88' lang='lat' dir='ltr'>nihil,</span> <span class='ocrx_word' id='word_1_358' title='bbox 925 4192 1006 4274; x_wconf 90' lang='lat' dir='ltr'>quod</span> <span class='ocrx_word' id='word_1_359' title='bbox 1020 4191 1059 4256; x_wconf 85' lang='lat' dir='ltr'>od</span> <span class='ocrx_word' id='word_1_360' title='bbox 1072 4211 1133 4270; x_wconf 69' lang='lat' dir='ltr'>rem</span> <span class='ocrx_word' id='word_1_361' title='bbox 1148 4211 1234 4276; x_wconf 83' lang='lat' dir='ltr'>epec-</span> 
     </span>
    </p>
   </div>
   <div class='ocr_carea' id='block_1_5' title="bbox 0 0 1485 4890">
    <p class='ocr_par' dir='ltr' id='par_1_5' title="bbox 0 0 1485 4890">
     <span class='ocr_line' id='line_1_40' title="bbox 0 0 1485 4890; baseline 0 0"><span class='ocrx_word' id='word_1_362' title='bbox 0 0 1485 4890; x_wconf 95' lang='lat' dir='ltr'> </span> 
     </span>
    </p>
   </div>
  </div>
 </body>
</html>
