3012 4892
585 436 791 488 ranrtrro.
1192 425 1235 492 1⁵

134 581 361 660 manuscrits,
372 601 437 666 qne
451 579 535 647 dans
548 581 601 648 les
625 583 818 668 imprim6s3
839 583 925 648 mais
949 584 1023 648 cela
1046 585 1151 652 eeroit
1174 606 1234 652 en·

135 703 296 766 noyen13
318 681 555 748 nonsn'avons
581 703 646 769 pas
669 683 882 769 aujourd'lroi
906 685 1042 750 l’oreille
1057 703 1154 752 ossea
1167 687 1234 756 flue

135 805 222 870 pour
240 783 342 869 juger
356 785 399 850 de
422 790 508 850 cette
523 785 711 852 differeoce.
754 785 799 852 Et
822 805 907 870 poor
929 805 968 852 ce
981 789 1040 870 qni
1063 783 1116 853 est
1134 788 1178 854 de
1200 791 1237 857 la

136 907 270 952 mesura
286 887 456 966 desVers,
471 890 496 954 il
509 909 593 954 nous
607 891 724 954 sieroit
736 889 804 954 mal
818 889 861 954 de
874 889 1006 955 vouloir
1019 890 1101 954 taire
1112 889 1163 956 les
1174 891 1234 956 de·

136 987 239 1054 licata
252 1008 314 1054 sur
325 1009 392 1054 une
406 990 566 1070 cadence,
590 992 648 1076 qni
663 991 746 1056 etoit
759 997 908 1074 tres-peu
929 990 1074 1056 sensible
1089 989 1134 1056 dn
1149 999 1235 1058 tems

138 1089 248 1156 meme
263 1090 307 1154 de
323 1090 474 1172 Ciceron,
497 1099 531 1158 et
555 1113 622 1178 qne
647 1093 700 1158 les
722 1093 799 1176 plns
814 1091 933 1176 grands
949 1093 1179 1158 connoimenrs
1191 1115 1237 1160 ne

140 1190 345 1258 demetoiem
359 1193 500 1277 qu'avec
513 1197 692 1280 beaucoup
704 1195 746 1260 de
760 1191 878 1279 peine!
900 1195 1132 1260 Lucubrentur
1142 1215 1234 1276 sane,

140 1293 318 1360 mordeant
331 1315 471 1377 ungues,
487 1297 663 1375 extricent,
686 1315 787 1382 quam
801 1295 917 1375 velint,
940 1293 1014 1361 Viri
1034 1295 1140 1375 docti,
1159 1299 1235 1382 qni·

140 1397 204 1462 bus
220 1398 325 1460 otium
340 1403 412 1478 est3
425 1405 496 1464 tum
511 1397 644 1464 demum
654 1417 735 1463 vera
744 1415 855 1464 eorum
868 1397 976 1483 gloria
990 1399 1236 1483 praedicabitur,

139 1499 198 1562 ubi
213 1498 395 1564 utilitatem
414 1499 500 1584 ejus,
523 1501 614 1584 qnod
630 1501 779 1580 fecerint,
802 1501 1045 1584 approbabunt,
1068 1499 1235 1568 loannes-

142 1619 208 1684 qne
224 1599 373 1666 Graeciae
388 1601 424 1666 in
435 1621 476 1666 eo
491 1604 587 1681 verti,
602 1601 876 1666 demonstrabunt
889 1603 1034 1686 publice.
1057 1601 1237 1670 Enimvero

139 1709 278 1768 tueatur
292 1704 371 1786 quis
385 1703 447 1770 rite
464 1713 593 1770 ceteras
604 1711 732 1790 partes,
742 1709 777 1769 et
788 1701 899 1768 facilis
914 1705 1157 1770 intricatissimi
1165 1727 1235 1772 me·

140 1807 181 1870 tri
201 1805 336 1889 jacinte
356 1807 439 1888 erit;
461 1808 546 1872 setis
570 1825 610 1872 se
633 1825 801 1892 superque
824 1807 905 1870 viva
929 1825 1058 1870 morum
1083 1807 1236 1892 imagine,

140 1907 292 1993 stylique
306 1907 471 1990 elegantia
485 1909 730 1974 commendabit
742 1907 929 1974 Terentius.
973 1907 1044 1990 Ego
1066 1909 1175 1991 igitur,
1189 1931 1233 1976 ne

140 2011 218 2094 quid
241 2011 404 2076 adversos
419 2009 540 2094 Legem
555 2011 852 2096 Corneliumque
875 2017 928 2075 est
942 2009 985 2074 de
1012 2009 1127 2088 Falso,
1143 2031 1234 2077 com-

139 2115 304 2178 mitterem
319 2113 468 2196 publice,
483 2133 600 2199 meque
616 2113 759 2199 turpiter
766 2113 890 2191 darem,
899 2111 941 2176 de
953 2109 1061 2176 Metro
1073 2131 1236 2196 perparce

139 2215 294 2280 disserui.
340 2213 462 2300 Neque
485 2217 571 2281 enim
597 2223 650 2283 est
674 2221 835 2294 nostrum,
859 2233 936 2298 quae
962 2231 1065 2298 snper
1079 2233 1122 2278 co
1136 2233 1235 2298 argo-

138 2325 253 2383 mento
268 2319 355 2383 inter
369 2317 558 2399 Erasmnm,
574 2319 783 2402 scaligerum
797 2317 942 2393 Patrem,
957 2315 1235 2398 Antesignannm,

139 2417 357 2497 Ghreanum,
372 2417 586 2499 Gereannm,
599 2419 813 2506 Scioppium,
832 2418 961 2502 Tanaq.
975 2417 1132 2496 Fabrum,
1151 2417 1174 2483 J
1177 2438 1235 2485 ou·

139 2519 283 2586 clrimnrn
304 2519 542 2598 Communem,
558 2521 741 2608 Gnyetnm,
766 2521 864 2600 alios,
880 2539 1072 2604 quanquam
1092 2521 1143 2586 uti
1166 2539 1235 2586 non
1331 2581 1334 2590 .

140 2624 302 2708 equales,
320 2625 369 2688 ita
383 2643 445 2690 nec
461 2643 522 2708 per
535 2626 649 2690 omnia
663 2643 776 2708 pares,
791 2625 876 2688 satis
895 2622 1019 2688 acriter
1033 2629 1113 2688 sunt
1127 2623 1235 2706 agita·

139 2731 194 2804 tre,
208 2745 410 2810 componere
425 2725 512 2792 lites.
555 2725 635 2806 Quo
658 2728 787 2811 sepius
809 2733 920 2790 antem
936 2723 1131 2788 Terentium
1147 2725 1235 2806 lego,

139 2848 180 2894 oo
203 2829 314 2911 magis
337 2827 375 2894 iit
396 2827 478 2894 milri
503 2829 697 2907 verisimile,
719 2827 1005 2910 elegantissimum
1033 2823 1236 2909 Scriptorem

140 2929 321 2995 honestate
335 2931 508 2996 verborum
519 2930 722 2995 delectatum
737 2927 889 2993 salebras
901 2943 1053 2990 versuum
1069 2942 1238 3010 superare,

139 3049 239 3116 mam
255 3032 438 3116 quicquam
463 3031 505 3096 de
529 3039 623 3096 recto
637 3028 895 3116 compositionis
911 3027 1045 3094 tramite
1061 3025 1237 3094 deflectere

139 3133 312 3198 maluisse.
355 3133 399 3199 Et
412 3131 578 3218 proiecto,
593 3140 755 3218 qnantum
770 3129 902 3196 decoris
915 3127 1078 3212 Virgilius
1102 3147 1145 3193 ex
1163 3128 1236 3195 llo·

139 3235 221 3300 meri
234 3235 421 3300 imitatione
435 3241 639 3302 consecutor
654 3239 719 3314 est,
731 3238 858 3300 tantum
872 3251 892 3296 e
908 3229 1084 3296 Menandri
1099 3249 1236 3314 expres·

140 3337 234 3402 sione
247 3335 437 3414 Terentius,
463 3344 524 3402 aut
548 3337 629 3422 plus
655 3355 710 3402 eo.
753 3333 882 3398 Contra
896 3333 926 3396 si
941 3333 1000 3417 qui
1016 3331 1173 3408 sentiunt,
1188 3334 1236 3398 nil

139 3439 297 3504 sentim
340 3433 583 3504 Audientlraec
603 3437 658 3505 vel
674 3435 823 3503 Volcatii
837 3433 980 3517 Sedigiti
1006 3433 1139 3511 Manes,
1163 3435 1237 3516 pal-

139 3559 240 3617 um,
253 3539 412 3604 Terentio
428 3539 589 3620 debitam,
603 3539 879 3606 Gra-cilioduotis.
903 3537 1055 3602 Dncotor
1066 3553 1148 3600 sane
1158 3535 1236 3602 lroic

139 3641 242 3720 lardi,
254 3648 394 3706 anctore
408 3641 565 3722 Horatio,
580 3641 746 3727 gravitate
757 3639 894 3718 vicisse,
907 3637 1008 3704 modo
1023 3637 1064 3702 de
1084 3635 1167 3702 Arte
1191 3635 1235 3700 lis

139 3744 229 3810 nulla
242 3749 419 3808 mereatur
434 3743 574 3810 Nostro.
618 3743 819 3828 Quanquam
829 3743 905 3826 quis
919 3743 953 3806 in
968 3741 1079 3805 Socco
1090 3737 1237 3821 granim-

139 3853 206 3910 tem
220 3843 387 3910 cothurni
401 3865 602 3930 magnopere
628 3843 831 3911 admirotnrl
875 3841 976 3908 Certe
991 3841 1126 3926 quidem
1142 3843 1235 3902 tonu-

141 3948 256 4014 itatem
274 3947 440 4012 sermonis
456 3947 490 4010 in
506 3943 693 4013 Comoediis
702 3943 834 4011 Graecis
846 3941 1091 4022 Quintilianum
1102 3937 1239 4004 landae·

140 4067 174 4116 se
202 4050 374 4116 sommus
421 4047 518 4113 Unde
544 4048 683 4114 dubium
708 4046 838 4112 nullum
865 4049 928 4120 est,
954 4059 1145 4106 mansurum
1168 4037 1235 4104 Το-

28 4185 30 4252 ἰ
138 4153 244 4218 tentio
258 4170 357 4217 snum
371 4149 542 4229 bonorem
558 4147 689 4215 latinis
713 4147 791 4214 dum
816 4145 966 4210 manebit
990 4143 1131 4230 pretium
1145 4141 1235 4208 Lite-

28 4259 30 4274 r

141 4273 196 4320 nt.
