3012 4892
415 366 464 416 na
487 365 690 418 cranmere
715 363 760 417 nr
783 369 972 442 coemere.
1054 351 1057 358 ’
1195 359 1240 426 to

143 507 317 570 fabularum.
361 508 456 587 Cujna
480 507 567 568 morie
581 508 779 570 diversitatem
801 509 962 588 antiquitas
988 510 1101 590 probat.
1147 511 1235 587 Nem,

144 624 211 666 cum
233 605 363 684 primum
387 603 477 682 aliqui
494 603 615 664 lebnlee
639 603 770 673 ederent,
787 605 1051 684 ipenrnmnomine
1063 609 1236 686 pronuntio·

142 702 249 762 beetur
261 711 344 772 ante,
357 717 448 780 quem
460 700 557 778 pnite
570 699 839 779 pronuntiarentur,
851 719 889 760 ne
897 699 997 780 eliqua
1009 699 1119 760 invidia
1132 720 1151 762 a
1164 705 1236 765 rcri-

142 799 239 860 bendo
257 796 400 858 deterreri
420 805 553 876 portent.
606 796 683 856 Cum
707 805 805 856 autem
828 815 880 876 per
898 796 1056 856 editionem
1078 797 1236 862 multarum

141 896 238 974 potitur
247 895 312 973 jam
325 892 576 954 eeretenctoritee
590 892 745 971 acquirite,
767 912 868 954 rnreue
890 893 989 972 priore
1008 893 1163 972 poiterum
1182 915 1237 958 no·

140 991 221 1050 mine
231 990 471 1069 proferebantur:
501 995 536 1048 et
548 1006 601 1068 per
621 988 751 1068 ipsorum
764 988 910 1050 vocabule
922 985 1029 1048 subulir
1050 989 1174 1050 arnono
1186 1009 1235 1054 ec-

141 1085 318 1165 qnireretnr.

180 1183 276 1242 Actae
301 1179 427 1246 divereir
451 1179 531 1242 ludia
553 1180 741 1242 meuiieetum
763 1191 811 1242 eet
828 1181 957 1246 interibi.
999 1183 1077 1248 Nem
1100 1187 1235 1252 ludorum

141 1285 270 1356 qnetnor
282 1284 353 1336 eunt
366 1275 579 1354 sponteequor
593 1275 711 1336 curules
726 1275 828 1336 ediles
842 1295 962 1340 munere
976 1282 1095 1360 publico
1113 1293 1235 1344 curent:

142 1372 347 1451 Megaleueea,
370 1373 487 1450 meppia
512 1371 578 1432 Diie
604 1372 780 1444 monenti,
807 1391 882 1452 quor
909 1374 1007 1438 Greci
1035 1373 1237 1454 Meyelneloer

141 1468 313 1549 appellent:
326 1471 350 1504 ¹⁷
380 1466 542 1540 Funebres,
563 1466 603 1528 ed
623 1465 808 1528 retinendum
834 1469 976 1548 populum
1000 1471 1136 1548 inetituti,
1164 1473 1234 1534 dnm

142 1582 253 1644 pompe
275 1563 372 1624 funeri
387 1561 506 1624 decreta
529 1563 559 1622 in
583 1561 725 1624 bonorem
747 1562 860 1643 patricii
883 1565 936 1626 viri
959 1565 1045 1648 plene
1066 1553 1235 1630 instruitur:

144 1659 268 1732 Plebeii,
280 1659 333 1738 qui
346 1677 400 1737 pro
413 1657 510 1719 relute
524 1659 619 1740 plebio
639 1657 788 1720 edurum:
809 1659 1006 1740 Apollinaree,
1021 1665 1150 1744 Apollini
1163 1683 1236 1728 con-

143 1757 260 1818 secrati.
302 1755 337 1814 ln
348 1773 441 1818 mene
454 1755 522 1816 dun
536 1774 595 1818 are
615 1755 686 1836 peni
709 1754 856 1829 eolebent,
879 1753 985 1818 dextra
999 1759 1105 1832 Liberi,
1119 1760 1237 1824 einirtre

137 1853 206 1932 'ejra
218 1851 289 1925 Dei,
302 1852 351 1912 cni
364 1849 428 1912 ludi
442 1852 569 1914 debent:
598 1851 678 1914 unde
692 1851 846 1916 Terentino
861 1853 892 1914 in
905 1853 1018 1916 Andne
1031 1855 1083 1929 eit,
1103 1861 1112 1892 ‘
1125 1855 1171 1916 Er
1185 1873 1236 1918 ero

144 1947 198 2010 bec
211 1967 297 2010 eume
307 1945 472 2008 verbenae!

183 2044 264 2106 lliuc
276 2043 415 2124 Ulyeeera
429 2043 581 2124 pallietum
595 2061 711 2122 temper
723 2041 886 2106 inducant:
908 2045 969 2106 tire
982 2044 1064 2125 quod
1074 2043 1235 2126 aliquando

142 2141 290 2204 inaeuiem
304 2139 468 2202 eimulerit:
488 2157 548 2218 qno
563 2149 692 2218 tenpore
706 2147 857 2200 tectemre
870 2157 938 2202 eree
951 2139 1053 2214 voluit,
1066 2159 1105 2202 ne
1119 2143 1236 2219 egnitue

143 2245 300 2317 cogerent
323 2235 354 2296 in
367 2235 447 2296 bella
465 2234 599 2316 prodire:
631 2253 684 2298 reu
707 2235 746 2296 ob
769 2234 949 2314 eingulerem
972 2235 1157 2316 rapientium,
1177 2257 1238 2316 qne

145 2345 240 2396 tooure
263 2333 453 2410 muniturque
471 2329 627 2410 plurimum
648 2330 735 2394 nodie
750 2329 868 2408 profuit.
910 2329 1008 2410 liujus
1030 2327 1109 2390 enim
1122 2331 1237 2394 virtutis

144 2441 216 2503 erat,
231 2429 322 2490 enimi
336 2447 452 2509 eemper
462 2425 635 2508 decipientis
645 2426 808 2506 inguine.
829 2425 973 2487 Nonnulli
987 2425 1099 2488 ltbecre
1113 2425 1237 2500 incolae,

146 2527 221 2585 nient
233 2525 355 2594 Locroe,
368 2522 506 2602 pallietor
524 2521 615 2582 iniere
629 2530 869 2582 commemorent.
897 2519 1021 2581 Achillir
1034 2531 1065 2581 et
1078 2521 1239 2600 Neoptole-

145 2622 184 2681 mi
198 2638 336 2700 pereonoe
351 2617 520 2678 diedemate
531 2617 661 2678 hebent:
682 2617 817 2696 quereri·
831 2612 944 2696 regalia
957 2627 1074 2698 eceptra
1087 2637 1238 2696 uunquam

145 2715 312 2777 tenuerint:
329 2713 414 2792 cujue
425 2713 588 2792 ergumenti
599 2712 732 2791 probatio
743 2711 812 2771 tolie
821 2711 980 2782 inducitur,
996 2711 1077 2790 quod
1088 2729 1239 2790 nunqnam

145 2831 213 2873 cnm
224 2810 340 2890 relique
353 2807 479 2870 Grmciee
488 2807 655 2887 juventute,
668 2805 708 2866 ed
722 2803 853 2884 gerendo
862 2820 929 2864 cnm
942 2804 1076 2883 Trojanle
1089 2804 1177 2878 belle,
1191 2824 1239 2866 ra·

147 2914 298 2969 crementa
320 2903 529 2984 conjuretionie
553 2901 691 2974 inierunt,
713 2915 768 2961 nec
789 2905 921 2978 nuquam
941 2899 996 2959 eub
1009 2898 1238 2978 Agamemnonis

49 3027 54 3042 ·
145 3000 266 3082 imperio
279 3001 409 3061 luerunt.

185 3096 317 3158 comicie
327 3093 446 3156 aeuibue
457 3091 602 3154 cendldue
616 3089 739 3152 vern'tue
749 3083 773 3122 '¹
792 3087 950 3162 inducitur,
961 3087 1043 3168 qnod
1056 3089 1083 3150 ie'
1096 3091 1240 3170 antiquis·

147 3192 339 3255 aimuesuieee
349 3199 536 3251 memoretur.
561 3181 809 3250 Adulescentibur
819 3183 946 3244 diecolor
956 3185 1133 3246 attribuitur.
1158 3186 1240 3248 Servi

146 3289 253 3352 comici
266 3287 375 3350 emictu
388 3287 494 3366 exigno
504 3293 713 3366 conteguntur,
727 3281 909 3362 paupertatis
922 3279 1051 3360 entique
1065 3281 1170 3360 gretie,
1192 3281 1240 3342 vel

145 3404 207 3466 quo
229 3383 426 3464 expeditiorer
454 3391 554 3462 egent.
605 3379 732 3440 Parasiti
752 3395 818 3439 cum
846 3375 960 3436 intortis
986 3375 1084 3456 palliis
1107 3376 1240 3438 veniunt.

146 3483 230 3544 Lento
243 3481 369 3542 veatitue
383 3477 546 3540 condidus:
568 3495 735 3538 erumnose
758 3473 929 3534 obeoletuet
957 3489 1120 3554 purpureus
1134 3472 1238 3534 diviti:

145 3579 271 3661 pauperi
283 3575 455 3658 phoeniceua
470 3575 573 3636 detur:
588 3573 672 3635 militi
681 3571 813 3652 chlamyr
824 3587 984 3651 purpureo:
1000 3567 1107 3648 puelle
1120 3568 1238 3628 habitur

145 3675 321 3758 peregrinus
333 3671 492 3736 inducitur.
534 3671 613 3734 leno
633 3669 724 3752 pellio
734 3667 806 3730 nerii
830 3665 937 3728 colorie
951 3667 1051 3726 utitur.
1093 3663 1241 3726 Meretrici

179 3870 211 3920 tt
228 3865 397 3928 Mamertae
412 3861 544 3930 appellent]
564 3861 677 3914 biette-
716 3859 792 3910 w:
815 3851 1132 3918 teruennenses.
1172 3848 1241 3900 Nam

146 3945 305 4010 noymoyc.
338 3941 451 3992 Videtur
478 3937 615 4004 legendnm
636 3935 679 3999 (et
717 3931 838 3994 Doriber,
854 3935 884 3979 nt
902 3937 930 3979 et
947 3927 1025 3978 Picto
1047 3933 1075 3977 et
1089 3924 1243 3976 Arlrtoteler

125 4009 127 4012 ’
147 4029 176 4072 et
193 4021 220 4070 in
235 4019 309 4070 Pte.
320 4017 367 4068 lib.
375 4014 540 4066 emendatum
549 4012 621 4076 erat)
631 4017 680 4062 tte·
718 4013 858 4068 tententur,
873 4003 926 4057 lde
936 4009 977 4054 ert
991 4005 1074 4054 Dent.
1091 4002 1129 4052 ld.

146 4095 235 4156 *dnm
249 4093 328 4148 iuda.
358 4091 425 4142 vn
434 4089 597 4154 lleprleneea
605 4085 680 4137 ledor
752 4087 784 4132 18
811 4081 933 4131 Candide·
951 4079 1061 4143 mdia]
1084 4079 1129 4130 lle
1148 4077 1243 4158 rugitu

149 4187 241 4224 nonen
269 4168 399 4220 nvem
425 4164 474 4218 rut
496 4165 544 4216 rev
569 4149 680 4226 ,φιν
713 4153 1034 4212 commoneat-ceu.
1059 4153 1098 4206 n.

213 4265 481 4333 oentenaria.
660 4257 754 4310 rom.
1151 4251 1177 4300 n
