2958 4892
170 431 175 442 .
272 375 338 445 236
603 393 794 443 tresanus
819 391 1033 442 nnnrnnrns
1060 375 1064 388 '

271 531 407 614 siugulis,
436 532 595 594 scandatur
620 534 772 605 iambicus,
793 545 879 594 vetus
907 532 1073 592 institutum
1098 533 1166 594 est!
1213 533 1252 592 Et
1272 551 1358 594 mos:

269 628 381 688 ‘Unde
402 639 523 709 apparet
546 629 694 690 heroicum
712 627 836 708 singulis
850 627 975 708 pedibus
990 627 1095 688 scandi
1108 630 1195 689 etiam
1209 628 1289 708 apud
1303 629 1360 686 Ve-

270 737 347 786 teres
362 725 491 796 solitum,
507 725 641 786 lamburn
654 735 752 785 autem
766 723 863 784 binis.'
903 725 1016 785 Marius
1031 725 1211 796 Victorinus,
1224 746 1255 806 p.
1269 724 1359 784 2497.

271 821 349 882 ‘Per
363 821 574 900 Monopodiam
585 819 650 880 sola
664 819 820 900 Dactylica
833 818 1036 889 scandunturg
1056 840 1109 900 per
1123 819 1279 899 Dipodiam
1292 837 1359 878 vero

269 917 387 978 cetera!
429 917 561 977 Neseirit
582 917 631 978 hic
656 916 836 977 Bacchiacos
853 927 884 978 et
898 917 1041 988 creticos,
1062 935 1140 996 quos
1153 916 1240 977 etiam
1255 915 1359 974 Mono-

269 1011 359 1092 podia
383 1011 542 1075 dimetitur.
583 1011 754 1084 Diomedes,
767 1030 797 1090 p.
812 1013 882 1071 50³.
903 1011 1040 1071 ‘Feritur
1061 1013 1194 1071 senarius
1218 1010 1357 1072 iambicus

269 1106 443 1168 combinatis
456 1107 581 1189 pedibus
594 1107 658 1167 ter!
697 1106 890 1167 Terentianus
905 1105 1040 1180 Maurus,
1052 1127 1083 1186 p.
1097 1109 1187 1168 24³2.

470 1219 589 1278 iambus
599 1219 667 1298 ¹ipse
680 1238 733 1278 sex
746 1217 822 1279 enirn
837 1217 909 1278 locis
924 1229 1033 1291 manet,

469 1313 508 1374 Et
520 1313 589 1373 iude
602 1332 710 1373 nomen
723 1312 846 1372 inditum
861 1298 1054 1374 est‘senario:

468 1409 529 1470 Sed
543 1421 587 1470 ter
600 1409 707 1479 feritur,
721 1408 789 1468 binc
802 1409 950 1468 trimetros
964 1409 1090 1476 dicitur;

466 1504 645 1566 Scandendo
658 1505 742 1565 binos
756 1504 836 1585 quod
849 1503 941 1584 pedes
955 1503 1170 1584 conjungimus.

267 1625 348 1690 lctus
372 1625 529 1688 Percussio
552 1625 675 1695 dicitur;
698 1625 769 1706 quia
792 1625 910 1698 tibicen,
935 1625 1005 1685 dum
1019 1625 1185 1706 rbytbmum
1199 1637 1230 1687 et
1245 1635 1357 1708 tempus

266 1723 483 1802 moderabatur,
503 1732 548 1782 ter
566 1723 595 1782 in
610 1723 763 1793 Trimetro,
783 1735 887 1801 quater
909 1721 938 1782 iu
952 1721 1144 1794 Tetrametro,
1165 1721 1260 1782 solum
1282 1723 1357 1803 pede

265 1819 407 1879 feriebat:
421 1819 525 1895 'Apate
539 1829 636 1878 autem
651 1817 712 1876 sive
736 1817 869 1876 Elevatio
893 1817 1077 1896 appellatum
1099 1815 1180 1898 quod
1202 1817 1231 1876 in
1254 1817 1357 1880 iisdem

266 1912 399 1994 syllabis,
423 1913 530 1991 quibus
544 1911 650 1973 tibicen
665 1911 771 1992 pedem
785 1913 1037 1986 accommodabat,
1058 1923 1139 1974 actor
1153 1933 1255 1974 vocem
1270 1933 1357 1975 acue·

265 2009 318 2070 bat
331 2027 366 2068 ac
381 2008 513 2069 tollebat.
555 2009 589 2066 ln
603 2007 691 2068 Tbesi
705 2017 803 2066 autem
828 2018 898 2067 sunt
921 2018 1027 2068 cetere
1052 2007 1185 2087 syllabae,
1209 2029 1278 2088 qnae
1298 2011 1357 2070 ictu

264 2103 415 2164 destitutae
429 2103 524 2164 minus
538 2102 647 2164 idcirco
661 2101 828 2163 audiuntur.
869 2102 934 2162 lios
947 2105 1023 2164 ictus
1039 2104 1101 2164 sive
1123 2107 1227 2180 ἄρσεις,
1248 2125 1356 2184 magno

264 2199 440 2260 discentium
453 2197 619 2270 commodo,
640 2217 695 2257 nos
716 2196 799 2276 primi
821 2196 852 2256 in
876 2209 980 2258 nostra
1002 2199 1130 2260 editione
1151 2219 1202 2280 per
1216 2214 1357 2262 accentus

264 2305 369 2356 acutos
382 2293 589 2374 expressimus,
611 2303 669 2354 tres
686 2293 716 2351 iu
730 2293 890 2366 Trimetris,
904 2305 1030 2373 quatuor
1044 2295 1073 2354 in
1087 2295 1296 2356 Tetrametris:

345 2405 438 2466 Poeta
451 2425 519 2466 cum
532 2406 656 2486 primurn
671 2402 797 2466 inimum
813 2405 851 2466 ad
871 2405 1057 2468 scribendum
1071 2404 1193 2488 ippulit,

344 2500 379 2559 ld
394 2499 449 2560 sibi
464 2501 564 2580 negoti
578 2499 703 2560 credidit
716 2501 813 2562 solim
828 2501 901 2562 dari.

343 2593 509 2668 Enimvero,
524 2597 618 2668 Dave,
630 2595 671 2656 nil
686 2597 743 2658 loci
756 2607 803 2658 est
816 2597 950 2678 segnitiae
964 2619 1060 2679 neque
1074 2597 1228 2674 socdrdias,

343 2692 494 2761 Quantum
507 2690 639 2753 intellexi
653 2691 742 2754 mbdo
755 2694 834 2754 senis
848 2692 1024 2754 seutentiam
1039 2694 1077 2754 de
1091 2695 1212 2774 nirptiis.

263 2803 327 2866 Etsi
341 2825 449 2878 revera,
465 2805 545 2884 qnod
560 2806 688 2866 Romani
702 2807 867 2879 uoluerunt,
882 2806 945 2866 seni
959 2805 989 2866 in
1005 2825 1122 2885 quoque
1136 2805 1281 2867 Trimetro
1295 2807 1354 2868 siut

261 2901 361 2970 letata
383 2901 433 2981 qui
448 2903 490 2962 sic
503 2903 624 2981 exprimi
638 2901 771 2982 possint:

340 3013 434 3073 Podta
448 3014 516 3072 cium
529 3014 654 3090 primum
668 3009 797 3074 inimum
812 3013 851 3076 ad
866 3013 1054 3077 scribendum
1069 3012 1190 3094 ippullt,

341 3107 376 3166 ld
391 3106 447 3166 sibi
462 3105 563 3184 negoti
578 3106 703 3167 credidit
717 3110 812 3171 solium
827 3110 902 3172 dari.

259 3217 366 3277 Verum
380 3217 449 3296 quia
468 3219 497 3276 iu
522 3219 640 3297 paribus
663 3219 748 3293 locis,
771 3225 800 3282 2.
815 3225 845 3282 4.
861 3223 890 3296 6,
904 3223 1000 3280 minus
1014 3221 1185 3300 'plerumque
1199 3220 1352 3282 elevantur

258 3322 289 3373 et
303 3311 452 3384 feriuntur,
473 3331 561 3391 quam
576 3313 606 3372 iu
619 3314 790 3396 imparibus,
807 3318 833 3375 l.
850 3319 877 3375 3.
894 3319 924 3388 5,
945 3315 1054 3376 idcirco
1069 3335 1120 3375 eos
1135 3335 1213 3375 more
1228 3315 1352 3376 Graeco·

257 3428 320 3468 rum
334 3407 381 3468 hic
393 3407 505 3489 placuit
520 3409 662 3470 omittere.
705 3409 818 3470 Horum
833 3421 930 3470 autem
946 3421 1120 3470 accentuum
1135 3407 1226 3470 ductu
1240 3411 1279 3487 (si
1292 3431 1351 3471 vox

256 3504 287 3563 iu
313 3501 372 3564 illis
397 3503 516 3584 syllabis
546 3516 677 3580 acuatur,
705 3517 736 3566 et
763 3525 816 3586 par
839 3505 977 3586 temporis
1001 3523 1150 3578 mensura,
1172 3525 1239 3584 qum
1263 3505 1350 3584 pedis

257 3597 417 3659 Ditrochaei
438 3599 486 3660 rel
508 3601 663 3680 'Ersrpiruu
676 3601 805 3680 δευτέρον
820 3604 915 3683 spatio
929 3621 1043 3682 semper
1056 3601 1164 3672 fluitur,
1189 3601 1266 3661 inter
1288 3602 1351 3662 sin·

256 3693 343 3774 gulos
357 3707 497 3756 accentus
513 3703 655 3772 servetur)
668 3717 769 3759 versus
785 3699 938 3758 universos
951 3697 1055 3758 eodem
1069 3695 1158 3756 modo
1168 3695 1264 3772 lector
1278 3696 1351 3756 effe-

253 3801 308 3864 ret,
329 3811 387 3870 qno
402 3792 471 3852 olim
487 3795 523 3852 ab
538 3807 637 3853 actore
651 3793 681 3853 in
696 3811 785 3854 scena
800 3793 838 3853 ad
852 3793 953 3852 tibiam
967 3791 1243 3872 pronuntiabantur.
1281 3791 1352 3854 Hoc

253 3905 371 3966 quoqne
385 3887 531 3948 commodi
545 3889 574 3947 iu
589 3889 635 3947 his
650 3890 819 3948 accentibus
834 3888 927 3948 lector
940 3887 1086 3948 inveniet:
1108 3886 1189 3966 qnod
1202 3885 1303 3946 statim
1318 3899 1353 3950 et

253 3981 314 4040 ictu
328 3981 406 4043 oculi
419 3983 584 4042 trochaicus
599 3985 635 4042 ab
649 3983 790 4056 iambicis,
811 3983 861 4062 qui
875 3983 906 4041 in
919 3982 1022 4042 eadem
1037 3999 1125 4040 scena
1141 3979 1288 4041 interdum
1301 3981 1352 4042 lo·

252 4093 320 4136 cum
338 4075 458 4150 habeut,
478 4077 573 4156 possit
586 4077 786 4158 distinguere:
809 4077 834 4137 si
849 4087 989 4138 accentus
1003 4077 1116 4137 scilicet
1129 4076 1159 4137 in
1171 4075 1267 4160 prima
1280 4095 1352 4138 rer·

253 4185 305 4232 sus
320 4167 434 4250 syllaba
447 4181 503 4246 est,
524 4171 664 4236 trochaici
678 4184 767 4245 sunta
789 4174 834 4238 siu
847 4173 955 4248 miuus,
969 4171 1094 4236 iambici.
