2948 4890
256 353 319 420 10⁰
479 360 659 414 nrsranrs
683 357 829 409 aarusrr
855 357 1120 408 nrssnnrrrro.

258 512 313 573 Cui
328 507 412 584 illud,
426 505 560 588 quamvis
575 523 635 565 non
648 505 679 564 in
690 503 778 564 simili
791 501 911 564 omnino
925 521 1044 582 genere,
1058 502 1204 584 adjungas
1214 501 1300 564 licet:

338 640 415 699 Nam
430 637 533 698 mulier
546 635 641 696 olitori
655 653 806 714 nunquam
821 633 979 714 supplicat,
993 632 1018 692 si
1033 651 1092 710 qua
1106 641 1153 691 est
1166 631 1261 690 mala:

338 734 427 795 Domi
441 733 532 793 habet
544 733 661 792 hortum
674 743 705 793 et
717 731 907 793 condimenta
920 730 959 790 ad
970 748 1072 789 omnes
1086 727 1350 788 muresmaleficos.
1464 779 1465 798 ,

259 865 404 926 Rhetorcs
428 861 587 941 θυμελικὸν,
612 861 674 921 siue
698 861 851 928 theatrale,
875 865 1024 918 vocarent.
1078 855 1249 917 Ridiculum
1273 854 1351 914 enim

258 961 358 1042 potius
372 977 459 1039 quam
472 958 609 1017 festivum
620 966 684 1017 est:
716 967 756 1029 et,
775 965 809 1016 ut
830 956 870 1015 sit
882 955 1031 1027 festivum,
1054 971 1152 1025 nemo,
1165 971 1233 1012 vere
1249 951 1282 1010 in
1305 950 1350 1010 his

260 1058 412 1128 subactus,
430 1053 536 1114 dixerit
556 1063 713 1113 venustum
731 1071 818 1112 esse:
840 1053 877 1111 ab
901 1070 958 1111 usu
979 1051 1056 1110 enim
1068 1067 1158 1128 quarn
1179 1046 1352 1126 longissime
1464 1053 1465 1056 ’

259 1163 404 1214 remotum
424 1161 479 1210 est.
519 1147 588 1208 Jam
601 1167 681 1222 vero,
704 1168 773 1208 cum
796 1147 827 1208 in
841 1147 935 1208 verbis
958 1146 1097 1226 frigidum
1118 1155 1171 1206 aut
1192 1146 1222 1204 in
1246 1145 1352 1211 rebus:

261 1248 300 1308 de
322 1247 418 1308 uerbis
439 1243 624 1318 Aristoteles,
649 1243 686 1304 de
709 1243 797 1304 rebus
818 1243 867 1302 alii
890 1255 1024 1322 egerunt.
1076 1239 1229 1320 Frigidum
1254 1249 1354 1299 autem

254 1346 318 1426 jam
333 1361 482 1414 vocamus,
496 1361 555 1400 non
566 1339 825 1420 magniloquentiae
838 1339 964 1400 vicinum
974 1336 1046 1399 illud
1055 1337 1156 1397 vitium
1169 1341 1353 1418 (quanquam

254 1441 334 1507 illud
348 1458 466 1519 quoque
489 1437 595 1498 habere
608 1437 657 1498 hic
671 1437 768 1496 locum
783 1437 893 1514 potest)
913 1433 993 1514 quod
1010 1433 1162 1494 discedere
1176 1433 1213 1494 ab
1235 1433 1354 1494 urbani·

261 1548 323 1600 tate
336 1536 452 1596 dicitur.
495 1533 594 1606 Quod,
608 1543 642 1594 ut
664 1530 798 1592 nonnihil
812 1550 831 1590 a
846 1530 964 1590 dicendi
976 1529 1024 1590 hic
1040 1530 1188 1610 magistris
1202 1531 1353 1598 abeamus,

261 1633 358 1694 modis
371 1633 406 1692 fit
416 1631 557 1712 pluribus.
599 1627 655 1689 Vel
679 1627 709 1686 in
729 1625 836 1706 frigida
859 1624 1061 1686 translatione.
1105 1625 1146 1686 Ut
1166 1643 1234 1685 curn
1249 1624 1353 1686 dentes

261 1728 386 1792 calceati
399 1725 546 1788 dicuntur.
578 1724 666 1806 Capt.

343 1857 420 1917 Cum
434 1854 573 1916 calceatis
588 1853 727 1916 dentibus
742 1853 853 1914 reniam
869 1863 979 1916 tumen.

265 1987 384 2046 Etcum
398 1986 505 2058 victus,
529 1985 657 2045 ‘senteis
676 1983 803 2058 esitare:
826 1994 857 2046 et
878 1991 1070 2065 ‘scruposam
1084 1979 1162 2041 riam
1176 1978 1356 2040 commeare'

266 2081 389 2143 dicitur:
411 2101 479 2160 quoe
495 2100 567 2141 sana
581 2081 700 2163 frigent.
741 2081 797 2142 Vel
819 2081 849 2142 in
863 2081 990 2142 minimis
1007 2076 1210 2140 allusiunculis
1224 2085 1255 2136 et
1267 2077 1355 2156 longa

263 2177 372 2261 petitis.
415 2177 456 2237 Ut
469 2177 609 2239 Poenulo:

344 2301 404 2363 Mr.
425 2301 535 2364 Assum
548 2300 627 2384 apud
641 2312 671 2363 te
685 2321 799 2364 eccum.
840 2305 901 2365 An.
921 2305 961 2365 At
970 2321 1028 2384 ego
1041 2303 1137 2366 elixus
1151 2303 1192 2364 sis
1207 2301 1285 2364 volo.

266 2401 304 2461 Et
318 2399 398 2479 quod
412 2398 455 2459 illi
468 2399 581 2479 placuit
593 2419 653 2460 non
668 2400 781 2460 semel:

346 2495 445 2575 Magis
458 2494 554 2556 calleo
564 2515 653 2576 quam
667 2514 832 2576 aprugnum
845 2495 953 2556 callum
967 2495 1066 2558 callet.

266 2594 465 2747 Item,Callum
479 2704 644 2766 aprugnum
658 2706 744 2766 aeque
757 2685 863 2745 callere
876 2695 936 2744 non
951 2685 1056 2748 sinam.

267 2784 315 2858 Et,
347 2879 468 2948 Quanta
482 2877 588 2938 sumini
602 2875 776 2952 absumedo,
790 2885 901 2957 quanta
913 2875 992 2937 callo
1005 2875 1174 2941 calamitas!

269 2976 308 3034 Et
323 2973 443 3036 Curcul.

508 3067 607 3128 Facite
622 3079 741 3130 ventum
754 3081 788 3131 ut
801 3068 956 3151 gaudeam.

347 3164 409 3225 Prr.
441 3162 581 3224 Maxime.
624 3165 684 3226 Cu.
716 3165 794 3234 Quid
818 3165 938 3226 facitis?
966 3185 1080 3246 quaeso.
1129 3167 1191 3232 Ριι.
1220 3169 1359 3232 Ventum.

430 3259 491 3318 Cu.
513 3259 592 3319 Nolo
605 3259 740 3339 equidem
754 3261 825 3321 mihi

350 3351 426 3413 Fieri
439 3353 603 3508 rangulum.
644 3354 706 3418 Pri.
727 3355 807 3425 Quid
817 3357 906 3439 igitur
918 3361 986 3422 rial
1021 3364 1080 3425 Cu.
1102 3365 1188 3439 Esse,
1197 3373 1232 3425 ut
1242 3374 1362 3427 rentum

430 3469 489 3530 gau
511 3470 587 3511 eam.

270 3578 353 3646 Quas
380 3595 446 3638 cum
469 3579 660 3640 Grammatici
683 3579 789 3656 Latini,
817 3581 867 3662 qui
890 3583 978 3644 citius
1002 3584 1110 3646 coelum
1135 3585 1239 3667 digito,
1263 3597 1299 3648 ut
1322 3589 1364 3648 ita

269 3675 385 3752 loquer,
401 3685 633 3754 expugnassent,
656 3695 746 3754 quani
768 3687 802 3737 ut
822 3679 972 3742 minimam
998 3681 1114 3742 Horatii
1141 3683 1228 3744 Oden
1243 3703 1364 3766 expres·

271 3767 390 3840 sissent,
404 3768 585 3850 Morologias
606 3773 636 3831 in
651 3773 759 3834 Plauto
773 3773 915 3845 dixerint}
937 3776 1071 3838 nondum
1082 3777 1180 3852 rideo,
1192 3799 1284 3860 quare
1300 3781 1363 3842 Ho-

269 3865 355 3937 ratio,
382 3875 415 3925 ut
443 3887 557 3928 summo
581 3869 766 3948 maximoque
793 3871 905 3948 Poetae,
934 3873 976 3934 ita
998 3874 1110 3935 Critico
1132 3876 1365 3958 incomparabili,

271 3977 356 4039 quem
378 3971 496 4022 acutum
521 3963 699 4044 doctumque
712 3967 814 4028 Virum
827 3969 890 4050 ipse
908 3971 947 4031 D.
962 3971 1162 4052 Hieronymus
1176 3973 1214 4033 ad
1229 3973 1366 4037 Pamma-

271 4055 370 4114 chium
382 4058 509 4130 vocavit,
523 4057 601 4119 idern
616 4079 676 4120 non
696 4059 822 4123 licuerit.
864 4065 936 4145 Ejus
960 4085 1033 4128 sane
1057 4070 1173 4148 generis
1194 4082 1274 4146 runt,
1296 4093 1365 4152 quae

271 4149 302 4208 in
316 4150 513 4232 Aristophane
538 4165 670 4231 accusat,
693 4177 820 4238 quaeque
844 4162 970 4226 trivialia
992 4165 1103 4244 potius,
1126 4185 1216 4246 quam
1238 4179 1273 4228 ut
1285 4169 1364 4230 Viris
