<?xml version="1.0" encoding="UTF-8"?>
<!DOCTYPE html PUBLIC "-//W3C//DTD XHTML 1.0 Transitional//EN"
    "http://www.w3.org/TR/xhtml1/DTD/xhtml1-transitional.dtd">
<html xmlns="http://www.w3.org/1999/xhtml" xml:lang="en" lang="en">
 <head>
  <title>
</title>
<meta http-equiv="Content-Type" content="text/html;charset=utf-8" />
  <meta name='ocr-system' content='tesseract 3.04.00' />
  <meta name='ocr-capabilities' content='ocr_page ocr_carea ocr_par ocr_line ocrx_word'/>
</head>
<body>
  <div class='ocr_page' id='page_1' title='image "./comoedisex05westgoog_0164.png"; bbox 0 0 2948 4890; ppageno 0'>
   <div class='ocr_carea' id='block_1_1' title="bbox 243 338 1035 410">
    <p class='ocr_par' dir='ltr' id='par_1_1' title="bbox 243 338 1035 410">
     <span class='ocr_line' id='line_1_1' title="bbox 243 338 1035 410; baseline 0.006 -6"><span class='ocrx_word' id='word_1_1' title='bbox 243 338 310 406; x_wconf 75' lang='lat'><strong>154</strong></span> <span class='ocrx_word' id='word_1_2' title='bbox 535 359 670 408; x_wconf 82' lang='lat' dir='ltr'><strong>suurus</strong></span> <span class='ocrx_word' id='word_1_3' title='bbox 695 357 824 408; x_wconf 77' lang='lat' dir='ltr'><strong>cusan</strong></span> <span class='ocrx_word' id='word_1_4' title='bbox 848 358 1035 410; x_wconf 76' lang='lat' dir='ltr'><strong>sosarnus</strong></span> 
     </span>
    </p>
   </div>
   <div class='ocr_carea' id='block_1_2' title="bbox 244 499 1467 2108">
    <p class='ocr_par' dir='ltr' id='par_1_2' title="bbox 244 499 1467 2108">
     <span class='ocr_line' id='line_1_2' title="bbox 244 499 1341 579; baseline 0.005 -21"><span class='ocrx_word' id='word_1_5' title='bbox 244 499 437 560; x_wconf 88' lang='lat' dir='ltr'><strong>concenturio</strong></span> <span class='ocrx_word' id='word_1_6' title='bbox 450 499 479 558; x_wconf 89' lang='lat' dir='ltr'><strong>in</strong></span> <span class='ocrx_word' id='word_1_7' title='bbox 494 499 584 560; x_wconf 88' lang='lat' dir='ltr'><strong>corde</strong></span> <span class='ocrx_word' id='word_1_8' title='bbox 610 499 832 579; x_wconf 72' lang='lat' dir='ltr'><strong>sycophantias,</strong></span> <span class='ocrx_word' id='word_1_9' title='bbox 845 499 966 560; x_wconf 85' lang='lat' dir='ltr'>Tibicen</span> <span class='ocrx_word' id='word_1_10' title='bbox 987 519 1040 562; x_wconf 90' lang='lat' dir='ltr'><strong>vos</strong></span> <span class='ocrx_word' id='word_1_11' title='bbox 1054 502 1167 562; x_wconf 84' lang='lat' dir='ltr'><strong>interea</strong></span> <span class='ocrx_word' id='word_1_12' title='bbox 1178 503 1228 562; x_wconf 91' lang='lat' dir='ltr'><strong>hic</strong></span> <span class='ocrx_word' id='word_1_13' title='bbox 1242 502 1341 564; x_wconf 90' lang='lat' dir='ltr'><strong>deleo·</strong></span> 
     </span>
     <span class='ocr_line' id='line_1_3' title="bbox 246 595 1341 677; baseline 0.005 -23"><span class='ocrx_word' id='word_1_14' title='bbox 246 596 370 656; x_wconf 87' lang='lat' dir='ltr'><strong>taverit.&#39;</strong></span> <span class='ocrx_word' id='word_1_15' title='bbox 408 595 504 654; x_wconf 88' lang='lat' dir='ltr'><strong>Tanto</strong></span> <span class='ocrx_word' id='word_1_16' title='bbox 528 595 616 674; x_wconf 82' lang='lat' dir='ltr'><strong>igitur</strong></span> <span class='ocrx_word' id='word_1_17' title='bbox 639 595 803 668; x_wconf 83' lang='lat' dir='ltr'><strong>intervallo,</strong></span> <span class='ocrx_word' id='word_1_18' title='bbox 817 597 966 674; x_wconf 89' lang='lat' dir='ltr'><strong>quomodo</strong></span> <span class='ocrx_word' id='word_1_19' title='bbox 986 598 1132 658; x_wconf 84' lang='lat' dir='ltr'><strong>Charinus</strong></span> <span class='ocrx_word' id='word_1_20' title='bbox 1148 598 1276 677; x_wconf 87' lang='lat' dir='ltr'><strong>Mysidis</strong></span> <span class='ocrx_word' id='word_1_21' title='bbox 1290 619 1341 659; x_wconf 81' lang='lat' dir='ltr'><strong>ex·</strong></span> 
     </span>
     <span class='ocr_line' id='line_1_4' title="bbox 246 689 1342 772; baseline 0.004 -24"><span class='ocrx_word' id='word_1_22' title='bbox 246 691 358 768; x_wconf 88' lang='lat' dir='ltr'><strong>plesset</strong></span> <span class='ocrx_word' id='word_1_23' title='bbox 371 710 497 762; x_wconf 84' lang='lat' dir='ltr'><strong>versum,</strong></span> <span class='ocrx_word' id='word_1_24' title='bbox 512 711 599 769; x_wconf 90' lang='lat' dir='ltr'><strong>quem</strong></span> <span class='ocrx_word' id='word_1_25' title='bbox 613 710 672 750; x_wconf 90' lang='lat' dir='ltr'><strong>nou</strong></span> <span class='ocrx_word' id='word_1_26' title='bbox 687 689 825 750; x_wconf 81' lang='lat' dir='ltr'><strong>audireti</strong></span> <span class='ocrx_word' id='word_1_27' title='bbox 857 692 891 750; x_wconf 92' lang='lat' dir='ltr'><strong>ln</strong></span> <span class='ocrx_word' id='word_1_28' title='bbox 905 691 1008 751; x_wconf 88' lang='lat' dir='ltr'><strong>eadem</strong></span> <span class='ocrx_word' id='word_1_29' title='bbox 1025 711 1094 753; x_wconf 87' lang='lat' dir='ltr'><strong>sero</strong></span> <span class='ocrx_word' id='word_1_30' title='bbox 1109 711 1209 764; x_wconf 75' lang='lat' dir='ltr'><strong>mena,</strong></span> <span class='ocrx_word' id='word_1_31' title='bbox 1223 693 1264 752; x_wconf 88' lang='lat' dir='ltr'><strong>ita</strong></span> <span class='ocrx_word' id='word_1_32' title='bbox 1279 713 1342 772; x_wconf 90' lang='lat' dir='ltr'><strong>per·</strong></span> 
     </span>
     <span class='ocr_line' id='line_1_5' title="bbox 247 785 1340 865; baseline 0.004 -21"><span class='ocrx_word' id='word_1_33' title='bbox 247 805 331 846; x_wconf 88' lang='lat' dir='ltr'><strong>verse</strong></span> <span class='ocrx_word' id='word_1_34' title='bbox 359 785 441 865; x_wconf 84' lang='lat' dir='ltr'><strong>legit,</strong></span> <span class='ocrx_word' id='word_1_35' title='bbox 469 797 504 846; x_wconf 88' lang='lat' dir='ltr'><strong>ut</strong></span> <span class='ocrx_word' id='word_1_36' title='bbox 532 787 654 846; x_wconf 90' lang='lat' dir='ltr'><strong>altemm</strong></span> <span class='ocrx_word' id='word_1_37' title='bbox 683 786 872 845; x_wconf 87' lang='lat' dir='ltr'><strong>novenarium</strong></span> <span class='ocrx_word' id='word_1_38' title='bbox 898 789 997 858; x_wconf 83' lang='lat' dir='ltr'><strong>saciat,</strong></span> <span class='ocrx_word' id='word_1_39' title='bbox 1032 787 1165 860; x_wconf 87' lang='lat' dir='ltr'><strong>alterum,</strong></span> <span class='ocrx_word' id='word_1_40' title='bbox 1194 789 1340 848; x_wconf 89' lang='lat' dir='ltr'><strong>senarium</strong></span> 
     </span>
     <span class='ocr_line' id='line_1_6' title="bbox 247 880 1342 964; baseline 0.002 -22"><span class='ocrx_word' id='word_1_41' title='bbox 247 880 413 964; x_wconf 87' lang='lat' dir='ltr'><strong>relinquat:</strong></span> <span class='ocrx_word' id='word_1_42' title='bbox 435 883 499 942; x_wconf 88' lang='lat' dir='ltr'><strong>sic:</strong></span> <span class='ocrx_word' id='word_1_43' title='bbox 529 883 658 951; x_wconf 81' lang='lat' dir='ltr'><strong>‘Qumso</strong></span> <span class='ocrx_word' id='word_1_44' title='bbox 678 882 805 962; x_wconf 85' lang='lat' dir='ltr'><strong>aedepol,</strong></span> <span class='ocrx_word' id='word_1_45' title='bbox 831 882 969 954; x_wconf 80' lang='lat' dir='ltr'>Charine,</span> <span class='ocrx_word' id='word_1_46' title='bbox 987 883 1127 961; x_wconf 89' lang='lat' dir='ltr'><strong>quoniam</strong></span> <span class='ocrx_word' id='word_1_47' title='bbox 1140 883 1171 943; x_wconf 92' lang='lat' dir='ltr'><strong>id</strong></span> <span class='ocrx_word' id='word_1_48' title='bbox 1185 885 1247 943; x_wconf 85' lang='lat' dir='ltr'><strong>lieri</strong></span> <span class='ocrx_word' id='word_1_49' title='bbox 1261 885 1342 963; x_wconf 90' lang='lat' dir='ltr'><strong>quod</strong></span> 
     </span>
     <span class='ocr_line' id='line_1_7' title="bbox 245 976 1342 1057; baseline 0.003 -21"><span class='ocrx_word' id='word_1_50' title='bbox 245 979 293 1038; x_wconf 79' lang='lat' dir='ltr'><strong>uis</strong></span> <span class='ocrx_word' id='word_1_51' title='bbox 309 998 368 1038; x_wconf 92' lang='lat' dir='ltr'><strong>non</strong></span> <span class='ocrx_word' id='word_1_52' title='bbox 382 989 491 1057; x_wconf 87' lang='lat' dir='ltr'><strong>potest,</strong></span> <span class='ocrx_word' id='word_1_53' title='bbox 513 977 586 1038; x_wconf 83' lang='lat' dir='ltr'><strong>velis</strong></span> <span class='ocrx_word' id='word_1_54' title='bbox 609 976 697 1046; x_wconf 89' lang='lat' dir='ltr'><strong>Quod</strong></span> <span class='ocrx_word' id='word_1_55' title='bbox 722 977 831 1056; x_wconf 87' lang='lat' dir='ltr'><strong>possit:</strong></span> <span class='ocrx_word' id='word_1_56' title='bbox 858 977 929 1036; x_wconf 88' lang='lat' dir='ltr'><strong>nihil</strong></span> <span class='ocrx_word' id='word_1_57' title='bbox 952 977 1033 1037; x_wconf 92' lang='lat' dir='ltr'><strong>aliud</strong></span> <span class='ocrx_word' id='word_1_58' title='bbox 1056 979 1113 1036; x_wconf 85' lang='lat' dir='ltr'><strong>nisi</strong></span> <span class='ocrx_word' id='word_1_59' title='bbox 1138 979 1342 1039; x_wconf 75' lang='lat' dir='ltr'><strong>Philumenam</strong></span> 
     </span>
     <span class='ocr_line' id='line_1_8' title="bbox 250 1071 1343 1152; baseline 0.002 -20"><span class='ocrx_word' id='word_1_60' title='bbox 250 1072 340 1134; x_wconf 63' lang='lat' dir='ltr'><strong>solo!</strong></span> <span class='ocrx_word' id='word_1_61' title='bbox 362 1073 437 1132; x_wconf 86' lang='lat' dir='ltr'><strong>Cum</strong></span> <span class='ocrx_word' id='word_1_62' title='bbox 451 1083 548 1132; x_wconf 85' lang='lat' dir='ltr'><strong>tamen</strong></span> <span class='ocrx_word' id='word_1_63' title='bbox 565 1071 623 1131; x_wconf 92' lang='lat' dir='ltr'><strong>duo</strong></span> <span class='ocrx_word' id='word_1_64' title='bbox 634 1071 744 1152; x_wconf 88' lang='lat' dir='ltr'><strong>priores</strong></span> <span class='ocrx_word' id='word_1_65' title='bbox 759 1071 861 1150; x_wconf 88' lang='lat' dir='ltr'><strong>optimi</strong></span> <span class='ocrx_word' id='word_1_66' title='bbox 877 1071 936 1130; x_wconf 88' lang='lat' dir='ltr'><strong>sint</strong></span> <span class='ocrx_word' id='word_1_67' title='bbox 949 1073 1112 1134; x_wconf 72' lang='lat' dir='ltr'>octonarii:</span> <span class='ocrx_word' id='word_1_68' title='bbox 1133 1075 1194 1134; x_wconf 88' lang='lat' dir='ltr'><strong>sic:</strong></span> <span class='ocrx_word' id='word_1_69' title='bbox 1213 1074 1343 1142; x_wconf 77' lang='lat' dir='ltr'><strong>‘Quaeso</strong></span> 
     </span>
     <span class='ocr_line' id='line_1_9' title="bbox 249 1164 1343 1249; baseline 0 -21"><span class='ocrx_word' id='word_1_70' title='bbox 249 1169 377 1249; x_wconf 78' lang='lat' dir='ltr'><strong>aedepol,</strong></span> <span class='ocrx_word' id='word_1_71' title='bbox 397 1167 535 1238; x_wconf 75' lang='lat' dir='ltr'>Charine,</span> <span class='ocrx_word' id='word_1_72' title='bbox 557 1166 694 1246; x_wconf 88' lang='lat' dir='ltr'><strong>quoniam</strong></span> <span class='ocrx_word' id='word_1_73' title='bbox 721 1164 752 1224; x_wconf 94' lang='lat' dir='ltr'><strong>id</strong></span> <span class='ocrx_word' id='word_1_74' title='bbox 775 1165 846 1237; x_wconf 87' lang='lat' dir='ltr'><strong>fieri,</strong></span> <span class='ocrx_word' id='word_1_75' title='bbox 871 1165 1022 1244; x_wconf 84' lang='lat' dir='ltr'><strong>quodvis,</strong></span> <span class='ocrx_word' id='word_1_76' title='bbox 1045 1187 1105 1226; x_wconf 93' lang='lat' dir='ltr'><strong>non</strong></span> <span class='ocrx_word' id='word_1_77' title='bbox 1130 1179 1240 1247; x_wconf 87' lang='lat' dir='ltr'><strong>potest,</strong></span> <span class='ocrx_word' id='word_1_78' title='bbox 1262 1170 1343 1230; x_wconf 89' lang='lat' dir='ltr'><strong>Velis</strong></span> 
     </span>
     <span class='ocr_line' id='line_1_10' title="bbox 246 1261 1345 1345; baseline -0.001 -20"><span class='ocrx_word' id='word_1_79' title='bbox 246 1263 330 1343; x_wconf 91' lang='lat' dir='ltr'><strong>quod</strong></span> <span class='ocrx_word' id='word_1_80' title='bbox 353 1263 466 1344; x_wconf 78' lang='lat' dir='ltr'>possit:</span> <span class='ocrx_word' id='word_1_81' title='bbox 498 1262 567 1322; x_wconf 86' lang='lat' dir='ltr'><strong>nihil</strong></span> <span class='ocrx_word' id='word_1_82' title='bbox 593 1261 673 1322; x_wconf 91' lang='lat' dir='ltr'><strong>alind</strong></span> <span class='ocrx_word' id='word_1_83' title='bbox 698 1262 755 1320; x_wconf 90' lang='lat' dir='ltr'><strong>nisi</strong></span> <span class='ocrx_word' id='word_1_84' title='bbox 777 1261 980 1321; x_wconf 81' lang='lat' dir='ltr'><strong>Philumenam</strong></span> <span class='ocrx_word' id='word_1_85' title='bbox 1004 1263 1092 1323; x_wconf 67' lang='lat' dir='ltr'><strong>volo!</strong></span> <span class='ocrx_word' id='word_1_86' title='bbox 1133 1263 1229 1323; x_wconf 87' lang='lat' dir='ltr'><strong>Etiam</strong></span> <span class='ocrx_word' id='word_1_87' title='bbox 1249 1266 1345 1345; x_wconf 84' lang='lat' dir='ltr'><strong>priore</strong></span> 
     </span>
     <span class='ocr_line' id='line_1_11' title="bbox 249 1357 1345 1436; baseline 0.002 -18"><span class='ocrx_word' id='word_1_88' title='bbox 249 1359 376 1419; x_wconf 88' lang='lat' dir='ltr'><strong>oonsilio</strong></span> <span class='ocrx_word' id='word_1_89' title='bbox 401 1369 614 1420; x_wconf 90' lang='lat' dir='ltr'><strong>monometrum</strong></span> <span class='ocrx_word' id='word_1_90' title='bbox 628 1366 717 1416; x_wconf 89' lang='lat' dir='ltr'><strong>vocat</strong></span> <span class='ocrx_word' id='word_1_91' title='bbox 740 1357 842 1416; x_wconf 88' lang='lat' dir='ltr'><strong>illum:</strong></span> <span class='ocrx_word' id='word_1_92' title='bbox 873 1357 940 1417; x_wconf 80' lang='lat' dir='ltr'><strong>‘Ah</strong></span> <span class='ocrx_word' id='word_1_93' title='bbox 955 1370 1066 1436; x_wconf 89' lang='lat' dir='ltr'><strong>quanto</strong></span> <span class='ocrx_word' id='word_1_94' title='bbox 1079 1359 1172 1420; x_wconf 86' lang='lat' dir='ltr'><strong>satius</strong></span> <span class='ocrx_word' id='word_1_95' title='bbox 1184 1362 1251 1420; x_wconf 68' lang='lat' dir='ltr'><strong>est!</strong></span> <span class='ocrx_word' id='word_1_96' title='bbox 1293 1360 1345 1420; x_wconf 91' lang='lat' dir='ltr'><strong>Di·</strong></span> 
     </span>
     <span class='ocr_line' id='line_1_12' title="bbox 252 1452 1345 1532; baseline 0.002 -20"><span class='ocrx_word' id='word_1_97' title='bbox 252 1464 343 1516; x_wconf 86' lang='lat' dir='ltr'><strong>meter</strong></span> <span class='ocrx_word' id='word_1_98' title='bbox 356 1454 433 1514; x_wconf 89' lang='lat' dir='ltr'><strong>euim</strong></span> <span class='ocrx_word' id='word_1_99' title='bbox 447 1467 493 1514; x_wconf 88' lang='lat' dir='ltr'><strong>est</strong></span> <span class='ocrx_word' id='word_1_100' title='bbox 515 1453 829 1532; x_wconf 86' lang='lat' dir='ltr'><strong>brachycatalecticus.</strong></span> <span class='ocrx_word' id='word_1_101' title='bbox 871 1452 930 1512; x_wconf 88' lang='lat' dir='ltr'><strong>Sed</strong></span> <span class='ocrx_word' id='word_1_102' title='bbox 950 1465 980 1514; x_wconf 86' lang='lat' dir='ltr'><strong>et</strong></span> <span class='ocrx_word' id='word_1_103' title='bbox 994 1453 1077 1514; x_wconf 87' lang='lat' dir='ltr'><strong>nulla</strong></span> <span class='ocrx_word' id='word_1_104' title='bbox 1090 1456 1268 1516; x_wconf 69' lang='lat' dir='ltr'><strong>necessitate</strong></span> <span class='ocrx_word' id='word_1_105' title='bbox 1281 1473 1345 1514; x_wconf 89' lang='lat' dir='ltr'><strong>mu·</strong></span> 
     </span>
     <span class='ocr_line' id='line_1_13' title="bbox 251 1549 1346 1630; baseline -0.001 -18"><span class='ocrx_word' id='word_1_106' title='bbox 251 1563 307 1622; x_wconf 89' lang='lat' dir='ltr'><strong>tat,</strong></span> <span class='ocrx_word' id='word_1_107' title='bbox 321 1551 379 1623; x_wconf 87' lang='lat' dir='ltr'><strong>ahi,</strong></span> <span class='ocrx_word' id='word_1_108' title='bbox 401 1549 441 1622; x_wconf 91' lang='lat' dir='ltr'><strong>iu,</strong></span> <span class='ocrx_word' id='word_1_109' title='bbox 456 1551 545 1622; x_wconf 82' lang='lat' dir='ltr'><strong>abin&#39;,</strong></span> <span class='ocrx_word' id='word_1_110' title='bbox 568 1551 640 1617; x_wconf 83' lang='lat' dir='ltr'><strong>sire.</strong></span> <span class='ocrx_word' id='word_1_111' title='bbox 655 1551 756 1622; x_wconf 88' lang='lat' dir='ltr'><strong>abeas,</strong></span> <span class='ocrx_word' id='word_1_112' title='bbox 778 1567 845 1608; x_wconf 91' lang='lat' dir='ltr'><strong>cum</strong></span> <span class='ocrx_word' id='word_1_113' title='bbox 859 1549 968 1608; x_wconf 82' lang='lat' dir='ltr'><strong>frustra</strong></span> <span class='ocrx_word' id='word_1_114' title='bbox 982 1559 1068 1630; x_wconf 91' lang='lat' dir='ltr'><strong>putat</strong></span> <span class='ocrx_word' id='word_1_115' title='bbox 1088 1551 1197 1629; x_wconf 78' lang='lat' dir='ltr'><strong>alioqui</strong></span> <span class='ocrx_word' id='word_1_116' title='bbox 1210 1561 1346 1612; x_wconf 77' lang='lat' dir='ltr'><strong>constare</strong></span> 
     </span>
     <span class='ocr_line' id='line_1_14' title="bbox 252 1643 1346 1725; baseline 0.003 -20"><span class='ocrx_word' id='word_1_117' title='bbox 252 1665 312 1706; x_wconf 91' lang='lat' dir='ltr'><strong>non</strong></span> <span class='ocrx_word' id='word_1_118' title='bbox 327 1665 416 1725; x_wconf 88' lang='lat' dir='ltr'><strong>posse</strong></span> <span class='ocrx_word' id='word_1_119' title='bbox 430 1665 557 1706; x_wconf 85' lang='lat' dir='ltr'><strong>versum.</strong></span> <span class='ocrx_word' id='word_1_120' title='bbox 600 1645 677 1704; x_wconf 87' lang='lat' dir='ltr'><strong>Nom</strong></span> <span class='ocrx_word' id='word_1_121' title='bbox 700 1655 731 1704; x_wconf 88' lang='lat' dir='ltr'><strong>ct</strong></span> <span class='ocrx_word' id='word_1_122' title='bbox 748 1643 915 1704; x_wconf 82' lang='lat' dir='ltr'><strong>trochaicus</strong></span> <span class='ocrx_word' id='word_1_123' title='bbox 940 1654 997 1716; x_wconf 88' lang='lat' dir='ltr'><strong>est,</strong></span> <span class='ocrx_word' id='word_1_124' title='bbox 1021 1645 1045 1704; x_wconf 86' lang='lat' dir='ltr'><strong>si</strong></span> <span class='ocrx_word' id='word_1_125' title='bbox 1065 1645 1211 1714; x_wconf 84' lang='lat' dir='ltr'><strong>collidas:</strong></span> <span class='ocrx_word' id='word_1_126' title='bbox 1233 1649 1346 1708; x_wconf 89' lang='lat' dir='ltr'><strong>etiam·</strong></span> 
     </span>
     <span class='ocr_line' id='line_1_15' title="bbox 251 1741 1345 1823; baseline 0.002 -23"><span class='ocrx_word' id='word_1_127' title='bbox 251 1742 348 1814; x_wconf 90' lang='lat' dir='ltr'><strong>bicus,</strong></span> <span class='ocrx_word' id='word_1_128' title='bbox 371 1743 396 1800; x_wconf 90' lang='lat' dir='ltr'><strong>si</strong></span> <span class='ocrx_word' id='word_1_129' title='bbox 419 1761 478 1802; x_wconf 90' lang='lat' dir='ltr'><strong>nou</strong></span> <span class='ocrx_word' id='word_1_130' title='bbox 501 1741 643 1802; x_wconf 89' lang='lat' dir='ltr'><strong>collidas:</strong></span> <span class='ocrx_word' id='word_1_131' title='bbox 675 1759 743 1799; x_wconf 90' lang='lat' dir='ltr'><strong>nam</strong></span> <span class='ocrx_word' id='word_1_132' title='bbox 764 1741 934 1800; x_wconf 85' lang='lat' dir='ltr'><strong>etmaxima</strong></span> <span class='ocrx_word' id='word_1_133' title='bbox 948 1741 1054 1800; x_wconf 82' lang='lat' dir='ltr'><strong>estsis</strong></span> <span class='ocrx_word' id='word_1_134' title='bbox 1075 1741 1139 1820; x_wconf 87' lang='lat' dir='ltr'><strong>ejus</strong></span> <span class='ocrx_word' id='word_1_135' title='bbox 1153 1741 1265 1802; x_wconf 84' lang='lat' dir='ltr'><strong>vocalis</strong></span> <span class='ocrx_word' id='word_1_136' title='bbox 1279 1763 1345 1823; x_wconf 86' lang='lat' dir='ltr'><strong>quas</strong></span> 
     </span>
     <span class='ocr_line' id='line_1_16' title="bbox 253 1835 1467 1917; baseline 0 -19"><span class='ocrx_word' id='word_1_137' title='bbox 253 1849 300 1898; x_wconf 89' lang='lat' dir='ltr'><strong>est</strong></span> <span class='ocrx_word' id='word_1_138' title='bbox 315 1837 417 1896; x_wconf 88' lang='lat' dir='ltr'><strong>ultima</strong></span> <span class='ocrx_word' id='word_1_139' title='bbox 428 1837 458 1896; x_wconf 91' lang='lat' dir='ltr'><strong>in</strong></span> <span class='ocrx_word' id='word_1_140' title='bbox 471 1839 572 1910; x_wconf 85' lang='lat' dir='ltr'><strong>verbo,</strong></span> <span class='ocrx_word' id='word_1_141' title='bbox 586 1837 642 1896; x_wconf 87' lang='lat' dir='ltr'><strong>abi.</strong></span> <span class='ocrx_word' id='word_1_142' title='bbox 686 1837 736 1896; x_wconf 91' lang='lat' dir='ltr'><strong>Sic</strong></span> <span class='ocrx_word' id='word_1_143' title='bbox 749 1835 902 1914; x_wconf 77' lang='lat' dir='ltr'><strong>Virgilius,</strong></span> <span class='ocrx_word' id='word_1_144' title='bbox 915 1855 951 1896; x_wconf 94' lang='lat' dir='ltr'><strong>eo</strong></span> <span class='ocrx_word' id='word_1_145' title='bbox 965 1836 1161 1916; x_wconf 87' lang='lat' dir='ltr'><strong>pulcherrimo</strong></span> <span class='ocrx_word' id='word_1_146' title='bbox 1175 1855 1273 1910; x_wconf 83' lang='lat' dir='ltr'><strong>uersu,</strong></span> <span class='ocrx_word' id='word_1_147' title='bbox 1288 1857 1346 1917; x_wconf 90' lang='lat' dir='ltr'><strong>quo</strong></span> <span class='ocrx_word' id='word_1_148' title='bbox 1466 1891 1467 1906; x_wconf 17' lang='grc' dir='ltr'>ἶ</span> 
     </span>
     <span class='ocr_line' id='line_1_17' title="bbox 254 1931 1467 2012; baseline 0.003 -22"><span class='ocrx_word' id='word_1_149' title='bbox 254 1932 442 1992; x_wconf 82' lang='lat' dir='ltr'><strong>Theocritum</strong></span> <span class='ocrx_word' id='word_1_150' title='bbox 457 1933 615 1992; x_wconf 75' lang='lat' dir='ltr'><strong>[emulatus</strong></span> <span class='ocrx_word' id='word_1_151' title='bbox 629 1941 695 1992; x_wconf 86' lang='lat' dir='ltr'><strong>est:</strong></span> <span class='ocrx_word' id='word_1_152' title='bbox 717 1933 778 1990; x_wconf 86' lang='lat' dir='ltr'><strong>‘Ut</strong></span> <span class='ocrx_word' id='word_1_153' title='bbox 790 1931 861 2004; x_wconf 84' lang='lat' dir='ltr'><strong>vidi,</strong></span> <span class='ocrx_word' id='word_1_154' title='bbox 871 1942 905 1992; x_wconf 93' lang='lat' dir='ltr'><strong>ut</strong></span> <span class='ocrx_word' id='word_1_155' title='bbox 915 1933 1000 2012; x_wconf 87' lang='lat' dir='ltr'><strong>perii,</strong></span> <span class='ocrx_word' id='word_1_156' title='bbox 1014 1943 1049 1992; x_wconf 93' lang='lat' dir='ltr'><strong>ut</strong></span> <span class='ocrx_word' id='word_1_157' title='bbox 1061 1951 1108 1992; x_wconf 90' lang='lat' dir='ltr'><strong>me</strong></span> <span class='ocrx_word' id='word_1_158' title='bbox 1120 1932 1216 1992; x_wconf 88' lang='lat' dir='ltr'><strong>malus</strong></span> <span class='ocrx_word' id='word_1_159' title='bbox 1227 1935 1350 1994; x_wconf 87' lang='lat' dir='ltr'><strong>abstulit</strong></span> <span class='ocrx_word' id='word_1_160' title='bbox 1466 1961 1467 1964; x_wconf 39' lang='lat'>¹</span> 
     </span>
     <span class='ocr_line' id='line_1_18' title="bbox 253 2027 1348 2108; baseline 0.004 -22"><span class='ocrx_word' id='word_1_161' title='bbox 253 2028 353 2088; x_wconf 70' lang='lat' dir='ltr'><strong>error!</strong></span> <span class='ocrx_word' id='word_1_162' title='bbox 395 2029 433 2087; x_wconf 89' lang='lat' dir='ltr'><strong>Et</strong></span> <span class='ocrx_word' id='word_1_163' title='bbox 457 2029 598 2107; x_wconf 89' lang='lat' dir='ltr'><strong>aspiratio</strong></span> <span class='ocrx_word' id='word_1_164' title='bbox 620 2027 754 2106; x_wconf 91' lang='lat' dir='ltr'><strong>prohihet</strong></span> <span class='ocrx_word' id='word_1_165' title='bbox 774 2028 978 2088; x_wconf 80' lang='lat' dir='ltr'><strong>collisionem:</strong></span> <span class='ocrx_word' id='word_1_166' title='bbox 1001 2027 1087 2088; x_wconf 85' lang='lat' dir='ltr'><strong>sicuti</strong></span> <span class='ocrx_word' id='word_1_167' title='bbox 1111 2027 1170 2088; x_wconf 92' lang='lat' dir='ltr'><strong>illi:</strong></span> <span class='ocrx_word' id='word_1_168' title='bbox 1208 2028 1348 2108; x_wconf 82' lang='lat' dir='ltr'><strong>‘Hecyra</strong></span> 
     </span>
    </p>
   </div>
   <div class='ocr_carea' id='block_1_3' title="bbox 253 2121 1467 2201">
    <p class='ocr_par' dir='ltr' id='par_1_3' title="bbox 253 2121 1467 2201">
     <span class='ocr_line' id='line_1_19' title="bbox 253 2121 1467 2201; baseline 0 -18"><span class='ocrx_word' id='word_1_169' title='bbox 253 2132 301 2183; x_wconf 89' lang='lat' dir='ltr'><strong>est</strong></span> <span class='ocrx_word' id='word_1_170' title='bbox 326 2123 395 2183; x_wconf 91' lang='lat' dir='ltr'><strong>huic</strong></span> <span class='ocrx_word' id='word_1_171' title='bbox 419 2143 526 2183; x_wconf 87' lang='lat' dir='ltr'><strong>nomen</strong></span> <span class='ocrx_word' id='word_1_172' title='bbox 547 2123 667 2196; x_wconf 79' lang='lat' dir='ltr'><strong>fabular,</strong></span> <span class='ocrx_word' id='word_1_173' title='bbox 697 2122 763 2182; x_wconf 79' lang='lat' dir='ltr'><strong>haec</strong></span> <span class='ocrx_word' id='word_1_174' title='bbox 786 2141 853 2182; x_wconf 90' lang='lat' dir='ltr'><strong>cum</strong></span> <span class='ocrx_word' id='word_1_175' title='bbox 879 2121 950 2182; x_wconf 87' lang='lat' dir='ltr'><strong>data</strong></span> <span class='ocrx_word' id='word_1_176' title='bbox 973 2123 1038 2182; x_wconf 66' lang='lat' dir='ltr'><strong>est!</strong></span> <span class='ocrx_word' id='word_1_177' title='bbox 1078 2123 1127 2182; x_wconf 88' lang='lat' dir='ltr'><strong>Sic</strong></span> <span class='ocrx_word' id='word_1_178' title='bbox 1150 2122 1350 2201; x_wconf 86' lang='lat' dir='ltr'><strong>impmdcnter</strong></span> <span class='ocrx_word' id='word_1_179' title='bbox 1466 2127 1467 2132; x_wconf 75' lang='grc'>’</span> 
     </span>
    </p>
   </div>
   <div class='ocr_carea' id='block_1_4' title="bbox 255 2218 1357 3832">
    <p class='ocr_par' dir='ltr' id='par_1_4' title="bbox 255 2218 1357 3832">
     <span class='ocr_line' id='line_1_20' title="bbox 255 2218 1348 2298; baseline 0.001 -21"><span class='ocrx_word' id='word_1_180' title='bbox 255 2218 342 2278; x_wconf 88' lang='lat' dir='ltr'><strong>nimis</strong></span> <span class='ocrx_word' id='word_1_181' title='bbox 357 2219 440 2278; x_wconf 85' lang='lat' dir='ltr'><strong>elidit</strong></span> <span class='ocrx_word' id='word_1_182' title='bbox 453 2219 569 2278; x_wconf 83' lang='lat' dir='ltr'><strong>nihilum</strong></span> <span class='ocrx_word' id='word_1_183' title='bbox 584 2239 620 2278; x_wconf 84' lang='lat' dir='ltr'><strong>er</strong></span> <span class='ocrx_word' id='word_1_184' title='bbox 633 2220 805 2298; x_wconf 84' lang='lat' dir='ltr'><strong>pronomine</strong></span> <span class='ocrx_word' id='word_1_185' title='bbox 829 2218 904 2278; x_wconf 90' lang='lat' dir='ltr'><strong>illius</strong></span> <span class='ocrx_word' id='word_1_186' title='bbox 918 2237 1039 2278; x_wconf 84' lang='lat' dir='ltr'><strong>versos:</strong></span> <span class='ocrx_word' id='word_1_187' title='bbox 1068 2218 1149 2278; x_wconf 86' lang='lat' dir='ltr'><strong>‘Sed</strong></span> <span class='ocrx_word' id='word_1_188' title='bbox 1168 2218 1248 2277; x_wconf 90' lang='lat' dir='ltr'><strong>istud</strong></span> <span class='ocrx_word' id='word_1_189' title='bbox 1263 2219 1348 2298; x_wconf 92' lang='lat' dir='ltr'><strong>quid·</strong></span> 
     </span>
     <span class='ocr_line' id='line_1_21' title="bbox 257 2311 1347 2391; baseline 0 -18"><span class='ocrx_word' id='word_1_190' title='bbox 257 2314 408 2374; x_wconf 72' lang='lat' dir='ltr'><strong>nemost?</strong></span> <span class='ocrx_word' id='word_1_191' title='bbox 435 2314 524 2374; x_wconf 88' lang='lat' dir='ltr'><strong>hodie</strong></span> <span class='ocrx_word' id='word_1_192' title='bbox 545 2333 666 2374; x_wconf 84' lang='lat' dir='ltr'><strong>uxorem</strong></span> <span class='ocrx_word' id='word_1_193' title='bbox 688 2312 797 2373; x_wconf 80' lang='lat' dir='ltr'><strong>ducisl</strong></span> <span class='ocrx_word' id='word_1_194' title='bbox 829 2312 921 2372; x_wconf 89' lang='lat' dir='ltr'><strong>alunt.</strong></span> <span class='ocrx_word' id='word_1_195' title='bbox 963 2311 1138 2391; x_wconf 66' lang='lat' dir='ltr'><strong>Pamphile!</strong></span> <span class='ocrx_word' id='word_1_196' title='bbox 1178 2313 1234 2381; x_wconf 88' lang='lat' dir='ltr'><strong>Qui</strong></span> <span class='ocrx_word' id='word_1_197' title='bbox 1251 2323 1347 2373; x_wconf 79' lang='lat' dir='ltr'><strong>tamen</strong></span> 
     </span>
     <span class='ocr_line' id='line_1_22' title="bbox 255 2407 1350 2488; baseline 0.001 -20"><span class='ocrx_word' id='word_1_198' title='bbox 255 2409 484 2468; x_wconf 80' lang='lat' dir='ltr'><strong>rotundissimus</strong></span> <span class='ocrx_word' id='word_1_199' title='bbox 499 2409 539 2468; x_wconf 93' lang='lat' dir='ltr'><strong>sit</strong></span> <span class='ocrx_word' id='word_1_200' title='bbox 552 2409 733 2480; x_wconf 85' lang='lat' dir='ltr'><strong>octonarius,</strong></span> <span class='ocrx_word' id='word_1_201' title='bbox 754 2425 852 2486; x_wconf 88' lang='lat' dir='ltr'><strong>neque</strong></span> <span class='ocrx_word' id='word_1_202' title='bbox 866 2425 992 2486; x_wconf 85' lang='lat' dir='ltr'><strong>nsquam</strong></span> <span class='ocrx_word' id='word_1_203' title='bbox 1005 2418 1137 2468; x_wconf 89' lang='lat' dir='ltr'><strong>coactus.</strong></span> <span class='ocrx_word' id='word_1_204' title='bbox 1179 2407 1256 2468; x_wconf 88' lang='lat' dir='ltr'><strong>Nam</strong></span> <span class='ocrx_word' id='word_1_205' title='bbox 1270 2409 1350 2488; x_wconf 88' lang='lat' dir='ltr'><strong>quod</strong></span> 
     </span>
     <span class='ocr_line' id='line_1_23' title="bbox 258 2501 1349 2583; baseline 0 -19"><span class='ocrx_word' id='word_1_206' title='bbox 258 2515 371 2578; x_wconf 88' lang='lat' dir='ltr'><strong>monet,</strong></span> <span class='ocrx_word' id='word_1_207' title='bbox 392 2506 423 2564; x_wconf 90' lang='lat' dir='ltr'><strong>in</strong></span> <span class='ocrx_word' id='word_1_208' title='bbox 445 2505 573 2576; x_wconf 88' lang='lat' dir='ltr'><strong>nomine,</strong></span> <span class='ocrx_word' id='word_1_209' title='bbox 598 2503 736 2583; x_wconf 90' lang='lat' dir='ltr'><strong>suspicio,</strong></span> <span class='ocrx_word' id='word_1_210' title='bbox 761 2502 876 2562; x_wconf 89' lang='lat' dir='ltr'><strong>tertiam</strong></span> <span class='ocrx_word' id='word_1_211' title='bbox 896 2503 986 2562; x_wconf 86' lang='lat' dir='ltr'><strong>afine</strong></span> <span class='ocrx_word' id='word_1_212' title='bbox 1006 2501 1140 2581; x_wconf 88' lang='lat' dir='ltr'><strong>produci,</strong></span> <span class='ocrx_word' id='word_1_213' title='bbox 1162 2521 1263 2562; x_wconf 85' lang='lat' dir='ltr'><strong>serum</strong></span> <span class='ocrx_word' id='word_1_214' title='bbox 1284 2515 1349 2564; x_wconf 88' lang='lat' dir='ltr'><strong>est:</strong></span> 
     </span>
     <span class='ocr_line' id='line_1_24' title="bbox 257 2597 1350 2682; baseline -0.004 -20"><span class='ocrx_word' id='word_1_215' title='bbox 257 2602 312 2662; x_wconf 88' lang='lat' dir='ltr'><strong>sed</strong></span> <span class='ocrx_word' id='word_1_216' title='bbox 340 2621 435 2682; x_wconf 85' lang='lat' dir='ltr'><strong>neque</strong></span> <span class='ocrx_word' id='word_1_217' title='bbox 461 2617 539 2660; x_wconf 80' lang='lat' dir='ltr'><strong>nova</strong></span> <span class='ocrx_word' id='word_1_218' title='bbox 565 2617 623 2671; x_wconf 91' lang='lat' dir='ltr'><strong>res,</strong></span> <span class='ocrx_word' id='word_1_219' title='bbox 650 2617 744 2676; x_wconf 88' lang='lat' dir='ltr'><strong>neque</strong></span> <span class='ocrx_word' id='word_1_220' title='bbox 767 2598 831 2656; x_wconf 86' lang='lat' dir='ltr'><strong>sine</strong></span> <span class='ocrx_word' id='word_1_221' title='bbox 853 2597 982 2666; x_wconf 75' lang='lat' dir='ltr'><strong>ratium:</strong></span> <span class='ocrx_word' id='word_1_222' title='bbox 1018 2617 1086 2658; x_wconf 86' lang='lat' dir='ltr'><strong>uam</strong></span> <span class='ocrx_word' id='word_1_223' title='bbox 1107 2609 1138 2658; x_wconf 86' lang='lat' dir='ltr'><strong>et</strong></span> <span class='ocrx_word' id='word_1_224' title='bbox 1165 2597 1290 2661; x_wconf 82' lang='lat' dir='ltr'><strong>Plautus</strong></span> <span class='ocrx_word' id='word_1_225' title='bbox 1310 2601 1350 2659; x_wconf 87' lang='lat' dir='ltr'><strong>ita</strong></span> 
     </span>
     <span class='ocr_line' id='line_1_25' title="bbox 258 2692 1349 2780; baseline -0.005 -20"><span class='ocrx_word' id='word_1_226' title='bbox 258 2699 391 2780; x_wconf 83' lang='lat' dir='ltr'><strong>scripsit:</strong></span> <span class='ocrx_word' id='word_1_227' title='bbox 427 2697 489 2757; x_wconf 86' lang='lat' dir='ltr'><strong>‘Et</strong></span> <span class='ocrx_word' id='word_1_228' title='bbox 515 2715 552 2757; x_wconf 85' lang='lat' dir='ltr'><strong>ne</strong></span> <span class='ocrx_word' id='word_1_229' title='bbox 579 2696 610 2754; x_wconf 89' lang='lat' dir='ltr'><strong>iu</strong></span> <span class='ocrx_word' id='word_1_230' title='bbox 626 2694 794 2774; x_wconf 86' lang='lat' dir='ltr'><strong>suspicione</strong></span> <span class='ocrx_word' id='word_1_231' title='bbox 822 2703 948 2772; x_wconf 90' lang='lat' dir='ltr'><strong>ponatur</strong></span> <span class='ocrx_word' id='word_1_232' title='bbox 975 2695 1079 2772; x_wconf 86' lang='lat' dir='ltr'><strong>stupri,</strong></span> <span class='ocrx_word' id='word_1_233' title='bbox 1107 2693 1145 2753; x_wconf 86' lang='lat' dir='ltr'><strong>Et</strong></span> <span class='ocrx_word' id='word_1_234' title='bbox 1163 2692 1349 2755; x_wconf 86' lang='lat' dir='ltr'><strong>clandestina</strong></span> 
     </span>
     <span class='ocr_line' id='line_1_26' title="bbox 257 2789 1349 2871; baseline -0.005 -16"><span class='ocrx_word' id='word_1_235' title='bbox 257 2807 293 2855; x_wconf 87' lang='lat' dir='ltr'><strong>ut</strong></span> <span class='ocrx_word' id='word_1_236' title='bbox 315 2795 426 2854; x_wconf 88' lang='lat' dir='ltr'><strong>celetur</strong></span> <span class='ocrx_word' id='word_1_237' title='bbox 452 2793 603 2871; x_wconf 62' lang='lat' dir='ltr'><strong>suspicio!</strong></span> <span class='ocrx_word' id='word_1_238' title='bbox 661 2791 700 2850; x_wconf 88' lang='lat' dir='ltr'><strong>Et</strong></span> <span class='ocrx_word' id='word_1_239' title='bbox 727 2790 800 2850; x_wconf 90' lang='lat' dir='ltr'><strong>satis</strong></span> <span class='ocrx_word' id='word_1_240' title='bbox 834 2789 926 2868; x_wconf 88' lang='lat' dir='ltr'><strong>liquet</strong></span> <span class='ocrx_word' id='word_1_241' title='bbox 952 2789 1099 2854; x_wconf 74' lang='lat' dir='ltr'><strong>coaluisse</strong></span> <span class='ocrx_word' id='word_1_242' title='bbox 1129 2791 1204 2849; x_wconf 86' lang='lat' dir='ltr'><strong>duas</strong></span> <span class='ocrx_word' id='word_1_243' title='bbox 1232 2793 1349 2852; x_wconf 85' lang='lat' dir='ltr'><strong>vocales</strong></span> 
     </span>
     <span class='ocr_line' id='line_1_27' title="bbox 255 2885 1349 2967; baseline -0.002 -17"><span class='ocrx_word' id='word_1_244' title='bbox 255 2892 290 2950; x_wconf 89' lang='lat' dir='ltr'><strong>in</strong></span> <span class='ocrx_word' id='word_1_245' title='bbox 315 2909 415 2950; x_wconf 86' lang='lat' dir='ltr'><strong>unam.</strong></span> <span class='ocrx_word' id='word_1_246' title='bbox 471 2887 606 2967; x_wconf 79' lang='lat' dir='ltr'><strong>Namque</strong></span> <span class='ocrx_word' id='word_1_247' title='bbox 637 2887 674 2947; x_wconf 91' lang='lat' dir='ltr'><strong>ab</strong></span> <span class='ocrx_word' id='word_1_248' title='bbox 697 2906 744 2958; x_wconf 92' lang='lat' dir='ltr'><strong>eo,</strong></span> <span class='ocrx_word' id='word_1_249' title='bbox 770 2885 852 2964; x_wconf 92' lang='lat' dir='ltr'><strong>quod</strong></span> <span class='ocrx_word' id='word_1_250' title='bbox 882 2895 963 2945; x_wconf 88' lang='lat' dir='ltr'><strong>esset</strong></span> <span class='ocrx_word' id='word_1_251' title='bbox 992 2885 1175 2965; x_wconf 85' lang='lat' dir='ltr'><strong>suspicituns,</strong></span> <span class='ocrx_word' id='word_1_252' title='bbox 1197 2887 1349 2967; x_wconf 78' lang='lat' dir='ltr'><strong>suspicitio</strong></span> 
     </span>
     <span class='ocr_line' id='line_1_28' title="bbox 258 2980 1349 3064; baseline 0 -19"><span class='ocrx_word' id='word_1_253' title='bbox 258 2985 331 3046; x_wconf 78' lang='lat' dir='ltr'><strong>init:</strong></span> <span class='ocrx_word' id='word_1_254' title='bbox 362 2987 472 3064; x_wconf 90' lang='lat' dir='ltr'><strong>itaque,</strong></span> <span class='ocrx_word' id='word_1_255' title='bbox 496 3003 563 3043; x_wconf 93' lang='lat' dir='ltr'><strong>cum</strong></span> <span class='ocrx_word' id='word_1_256' title='bbox 583 2982 637 3041; x_wconf 87' lang='lat' dir='ltr'><strong>erit</strong></span> <span class='ocrx_word' id='word_1_257' title='bbox 664 2981 773 3052; x_wconf 85' lang='lat' dir='ltr'><strong>brevis,</strong></span> <span class='ocrx_word' id='word_1_258' title='bbox 799 2991 870 3040; x_wconf 86' lang='lat' dir='ltr'><strong>tunc</strong></span> <span class='ocrx_word' id='word_1_259' title='bbox 892 2980 1073 3061; x_wconf 79' lang='lat' dir='ltr'><strong>intelligetur</strong></span> <span class='ocrx_word' id='word_1_260' title='bbox 1100 2999 1250 3062; x_wconf 81' lang='lat' dir='ltr'><strong>syncope:</strong></span> <span class='ocrx_word' id='word_1_261' title='bbox 1282 3003 1349 3047; x_wconf 89' lang='lat' dir='ltr'><strong>cum</strong></span> 
     </span>
     <span class='ocr_line' id='line_1_29' title="bbox 259 3077 1350 3160; baseline 0.001 -21"><span class='ocrx_word' id='word_1_262' title='bbox 259 3082 361 3159; x_wconf 84' lang='lat' dir='ltr'><strong>longa,</strong></span> <span class='ocrx_word' id='word_1_263' title='bbox 383 3080 556 3160; x_wconf 71' lang='lat' dir='ltr'><strong>syneresis:</strong></span> <span class='ocrx_word' id='word_1_264' title='bbox 588 3096 624 3136; x_wconf 88' lang='lat' dir='ltr'><strong>ex</strong></span> <span class='ocrx_word' id='word_1_265' title='bbox 652 3093 689 3136; x_wconf 89' lang='lat' dir='ltr'><strong>eo</strong></span> <span class='ocrx_word' id='word_1_266' title='bbox 712 3095 830 3157; x_wconf 88' lang='lat' dir='ltr'><strong>quoque</strong></span> <span class='ocrx_word' id='word_1_267' title='bbox 855 3097 941 3138; x_wconf 83' lang='lat' dir='ltr'><strong>versu</strong></span> <span class='ocrx_word' id='word_1_268' title='bbox 971 3079 1000 3136; x_wconf 91' lang='lat' dir='ltr'><strong>in</strong></span> <span class='ocrx_word' id='word_1_269' title='bbox 1023 3077 1154 3139; x_wconf 80' lang='lat' dir='ltr'><strong>Andria:</strong></span> <span class='ocrx_word' id='word_1_270' title='bbox 1195 3080 1262 3137; x_wconf 87' lang='lat' dir='ltr'><strong>‘An</strong></span> <span class='ocrx_word' id='word_1_271' title='bbox 1292 3099 1350 3140; x_wconf 89' lang='lat' dir='ltr'><strong>nou</strong></span> 
     </span>
     <span class='ocr_line' id='line_1_30' title="bbox 260 3172 1353 3253; baseline 0.001 -19"><span class='ocrx_word' id='word_1_272' title='bbox 260 3175 321 3235; x_wconf 84' lang='lat' dir='ltr'><strong>dixi</strong></span> <span class='ocrx_word' id='word_1_273' title='bbox 335 3175 392 3234; x_wconf 89' lang='lat' dir='ltr'><strong>hoc</strong></span> <span class='ocrx_word' id='word_1_274' title='bbox 409 3195 475 3234; x_wconf 84' lang='lat' dir='ltr'><strong>esse</strong></span> <span class='ocrx_word' id='word_1_275' title='bbox 489 3173 641 3234; x_wconf 82' lang='lat' dir='ltr'><strong>futuruml</strong></span> <span class='ocrx_word' id='word_1_276' title='bbox 662 3172 736 3232; x_wconf 83' lang='lat' dir='ltr'><strong>dixti</strong></span> <span class='ocrx_word' id='word_1_277' title='bbox 757 3174 828 3253; x_wconf 90' lang='lat' dir='ltr'><strong>quid</strong></span> <span class='ocrx_word' id='word_1_278' title='bbox 851 3175 970 3234; x_wconf 87' lang='lat' dir='ltr'><strong>meritus</strong></span> <span class='ocrx_word' id='word_1_279' title='bbox 994 3174 1051 3235; x_wconf 74' lang='lat' dir='ltr'><strong>esi</strong></span> <span class='ocrx_word' id='word_1_280' title='bbox 1071 3177 1209 3234; x_wconf 66' lang='lat' dir='ltr'><strong>amcam!</strong></span> <span class='ocrx_word' id='word_1_281' title='bbox 1243 3175 1353 3236; x_wconf 88' lang='lat' dir='ltr'><strong>Prisci-</strong></span> 
     </span>
     <span class='ocr_line' id='line_1_31' title="bbox 261 3270 1352 3339; baseline 0.001 -7"><span class='ocrx_word' id='word_1_282' title='bbox 261 3272 310 3332; x_wconf 86' lang='lat' dir='ltr'><strong>ani</strong></span> <span class='ocrx_word' id='word_1_283' title='bbox 338 3272 512 3331; x_wconf 73' lang='lat' dir='ltr'><strong>auctoritato</strong></span> <span class='ocrx_word' id='word_1_284' title='bbox 539 3270 609 3330; x_wconf 88' lang='lat' dir='ltr'><strong>dicit</strong></span> <span class='ocrx_word' id='word_1_285' title='bbox 637 3271 700 3330; x_wconf 92' lang='lat' dir='ltr'><strong>tolli</strong></span> <span class='ocrx_word' id='word_1_286' title='bbox 728 3273 844 3332; x_wconf 86' lang='lat' dir='ltr'><strong>verbum</strong></span> <span class='ocrx_word' id='word_1_287' title='bbox 865 3272 1090 3332; x_wconf 87' lang='lat' dir='ltr'><strong>substantivum.</strong></span> <span class='ocrx_word' id='word_1_288' title='bbox 1144 3270 1211 3339; x_wconf 87' lang='lat' dir='ltr'><strong>Quo</strong></span> <span class='ocrx_word' id='word_1_289' title='bbox 1233 3271 1262 3330; x_wconf 93' lang='lat' dir='ltr'><strong>in</strong></span> <span class='ocrx_word' id='word_1_290' title='bbox 1286 3271 1352 3333; x_wconf 93' lang='lat' dir='ltr'><strong>loco</strong></span> 
     </span>
     <span class='ocr_line' id='line_1_32' title="bbox 260 3365 1353 3446; baseline 0.001 -20"><span class='ocrx_word' id='word_1_291' title='bbox 260 3367 330 3426; x_wconf 90' lang='lat' dir='ltr'><strong>mihi</strong></span> <span class='ocrx_word' id='word_1_292' title='bbox 344 3369 473 3426; x_wconf 88' lang='lat' dir='ltr'><strong>oblatam</strong></span> <span class='ocrx_word' id='word_1_293' title='bbox 489 3369 614 3427; x_wconf 90' lang='lat' dir='ltr'><strong>sentiam</strong></span> <span class='ocrx_word' id='word_1_294' title='bbox 629 3368 814 3429; x_wconf 89' lang='lat' dir='ltr'><strong>occasionem</strong></span> <span class='ocrx_word' id='word_1_295' title='bbox 835 3367 911 3428; x_wconf 90' lang='lat' dir='ltr'><strong>duos</strong></span> <span class='ocrx_word' id='word_1_296' title='bbox 926 3367 1012 3428; x_wconf 90' lang='lat' dir='ltr'><strong>simul</strong></span> <span class='ocrx_word' id='word_1_297' title='bbox 1032 3365 1209 3426; x_wconf 89' lang='lat' dir='ltr'><strong>emendandi</strong></span> <span class='ocrx_word' id='word_1_298' title='bbox 1230 3385 1353 3446; x_wconf 84' lang='lat' dir='ltr'><strong>magnos</strong></span> 
     </span>
     <span class='ocr_line' id='line_1_33' title="bbox 261 3462 1355 3543; baseline 0.005 -23"><span class='ocrx_word' id='word_1_299' title='bbox 261 3464 359 3524; x_wconf 81' lang='lat' dir='ltr'><strong>viros:</strong></span> <span class='ocrx_word' id='word_1_300' title='bbox 381 3463 460 3521; x_wconf 90' lang='lat' dir='ltr'><strong>illum</strong></span> <span class='ocrx_word' id='word_1_301' title='bbox 476 3464 526 3541; x_wconf 90' lang='lat' dir='ltr'><strong>qui</strong></span> <span class='ocrx_word' id='word_1_302' title='bbox 540 3463 650 3536; x_wconf 83' lang='lat' dir='ltr'><strong>errarit,</strong></span> <span class='ocrx_word' id='word_1_303' title='bbox 672 3463 751 3524; x_wconf 90' lang='lat' dir='ltr'><strong>hunc</strong></span> <span class='ocrx_word' id='word_1_304' title='bbox 773 3465 824 3543; x_wconf 92' lang='lat' dir='ltr'><strong>qni</strong></span> <span class='ocrx_word' id='word_1_305' title='bbox 838 3481 897 3523; x_wconf 89' lang='lat' dir='ltr'><strong>non</strong></span> <span class='ocrx_word' id='word_1_306' title='bbox 911 3465 1079 3524; x_wconf 84' lang='lat' dir='ltr'><strong>correxerit.</strong></span> <span class='ocrx_word' id='word_1_307' title='bbox 1122 3462 1177 3522; x_wconf 91' lang='lat' dir='ltr'><strong>Est</strong></span> <span class='ocrx_word' id='word_1_308' title='bbox 1190 3462 1268 3522; x_wconf 88' lang='lat' dir='ltr'><strong>enirn</strong></span> <span class='ocrx_word' id='word_1_309' title='bbox 1282 3463 1355 3525; x_wconf 85' lang='lat' dir='ltr'><strong>inte-</strong></span> 
     </span>
     <span class='ocr_line' id='line_1_34' title="bbox 263 3557 1353 3637; baseline 0 -21"><span class='ocrx_word' id='word_1_310' title='bbox 263 3577 314 3637; x_wconf 80' lang='lat' dir='ltr'><strong>ger</strong></span> <span class='ocrx_word' id='word_1_311' title='bbox 328 3558 505 3618; x_wconf 88' lang='lat' dir='ltr'><strong>octonarius.</strong></span> <span class='ocrx_word' id='word_1_312' title='bbox 549 3558 627 3618; x_wconf 92' lang='lat' dir='ltr'><strong>lllud</strong></span> <span class='ocrx_word' id='word_1_313' title='bbox 653 3577 721 3618; x_wconf 86' lang='lat' dir='ltr'><strong>vero</strong></span> <span class='ocrx_word' id='word_1_314' title='bbox 745 3559 808 3637; x_wconf 88' lang='lat' dir='ltr'><strong>ejus</strong></span> <span class='ocrx_word' id='word_1_315' title='bbox 823 3560 970 3637; x_wconf 85' lang='lat' dir='ltr'><strong>proprium</strong></span> <span class='ocrx_word' id='word_1_316' title='bbox 994 3569 1050 3630; x_wconf 88' lang='lat' dir='ltr'><strong>est,</strong></span> <span class='ocrx_word' id='word_1_317' title='bbox 1072 3557 1157 3636; x_wconf 91' lang='lat' dir='ltr'><strong>cujus</strong></span> <span class='ocrx_word' id='word_1_318' title='bbox 1183 3557 1302 3637; x_wconf 87' lang='lat' dir='ltr'><strong>culpam</strong></span> <span class='ocrx_word' id='word_1_319' title='bbox 1325 3561 1353 3618; x_wconf 92' lang='lat' dir='ltr'><strong>in</strong></span> 
     </span>
     <span class='ocr_line' id='line_1_35' title="bbox 262 3653 1355 3736; baseline 0.001 -22"><span class='ocrx_word' id='word_1_320' title='bbox 262 3655 350 3715; x_wconf 89' lang='lat' dir='ltr'><strong>alium</strong></span> <span class='ocrx_word' id='word_1_321' title='bbox 366 3655 524 3715; x_wconf 83' lang='lat' dir='ltr'><strong>transferre</strong></span> <span class='ocrx_word' id='word_1_322' title='bbox 539 3675 679 3736; x_wconf 83' lang='lat' dir='ltr'><strong>nequeas.</strong></span> <span class='ocrx_word' id='word_1_323' title='bbox 721 3657 798 3715; x_wconf 87' lang='lat' dir='ltr'><strong>Nam</strong></span> <span class='ocrx_word' id='word_1_324' title='bbox 813 3655 931 3714; x_wconf 87' lang='lat' dir='ltr'><strong>verbum</strong></span> <span class='ocrx_word' id='word_1_325' title='bbox 947 3655 1172 3725; x_wconf 86' lang='lat' dir='ltr'><strong>substantivum,</strong></span> <span class='ocrx_word' id='word_1_326' title='bbox 1198 3653 1355 3728; x_wconf 80' lang='lat' dir='ltr'><strong>affuerunt,</strong></span> 
     </span>
     <span class='ocr_line' id='line_1_36' title="bbox 262 3749 1357 3832; baseline -0.005 -16"><span class='ocrx_word' id='word_1_327' title='bbox 262 3753 445 3832; x_wconf 84' lang='lat' dir='ltr'><strong>trisyllabum</strong></span> <span class='ocrx_word' id='word_1_328' title='bbox 470 3754 620 3831; x_wconf 78' lang='lat' dir='ltr'><strong>professus</strong></span> <span class='ocrx_word' id='word_1_329' title='bbox 645 3765 691 3812; x_wconf 85' lang='lat' dir='ltr'><strong>est</strong></span> <span class='ocrx_word' id='word_1_330' title='bbox 713 3771 868 3812; x_wconf 85' lang='lat' dir='ltr'><strong>eouersu:</strong></span> <span class='ocrx_word' id='word_1_331' title='bbox 901 3753 995 3811; x_wconf 88' lang='lat' dir='ltr'><strong>‘Cum</strong></span> <span class='ocrx_word' id='word_1_332' title='bbox 1021 3753 1050 3810; x_wconf 90' lang='lat' dir='ltr'><strong>iu</strong></span> <span class='ocrx_word' id='word_1_333' title='bbox 1074 3749 1220 3830; x_wconf 88' lang='lat' dir='ltr'><strong>pariundo</strong></span> <span class='ocrx_word' id='word_1_334' title='bbox 1243 3751 1357 3830; x_wconf 89' lang='lat' dir='ltr'><strong>aliquot</strong></span> 
     </span>
    </p>
   </div>
   <div class='ocr_carea' id='block_1_5' title="bbox 152 3846 1355 3918">
    <p class='ocr_par' dir='ltr' id='par_1_5' title="bbox 152 3846 1355 3918">
     <span class='ocr_line' id='line_1_37' title="bbox 152 3846 1355 3918; baseline 0.004 -16"><span class='ocrx_word' id='word_1_335' title='bbox 152 3897 154 3902; x_wconf 91' lang='lat'><em>.</em></span> <span class='ocrx_word' id='word_1_336' title='bbox 264 3848 410 3909; x_wconf 85' lang='lat' dir='ltr'><strong>affuerunt</strong></span> <span class='ocrx_word' id='word_1_337' title='bbox 424 3849 545 3908; x_wconf 66' lang='lat' dir='ltr'><strong>liberae!</strong></span> <span class='ocrx_word' id='word_1_338' title='bbox 586 3850 644 3918; x_wconf 83' lang='lat' dir='ltr'><strong>Qui</strong></span> <span class='ocrx_word' id='word_1_339' title='bbox 669 3861 766 3908; x_wconf 89' lang='lat' dir='ltr'><strong>tamen</strong></span> <span class='ocrx_word' id='word_1_340' title='bbox 788 3865 890 3907; x_wconf 88' lang='lat' dir='ltr'><strong>versus</strong></span> <span class='ocrx_word' id='word_1_341' title='bbox 914 3847 1045 3907; x_wconf 88' lang='lat' dir='ltr'><strong>senarius</strong></span> <span class='ocrx_word' id='word_1_342' title='bbox 1060 3848 1188 3906; x_wconf 86' lang='lat' dir='ltr'><strong>iambum</strong></span> <span class='ocrx_word' id='word_1_343' title='bbox 1213 3846 1305 3907; x_wconf 90' lang='lat' dir='ltr'><strong>habet</strong></span> <span class='ocrx_word' id='word_1_344' title='bbox 1327 3851 1355 3907; x_wconf 94' lang='lat' dir='ltr'><strong>in</strong></span> 
     </span>
    </p>
   </div>
   <div class='ocr_carea' id='block_1_6' title="bbox 261 3943 1359 4310">
    <p class='ocr_par' dir='ltr' id='par_1_6' title="bbox 261 3943 1359 4310">
     <span class='ocr_line' id='line_1_38' title="bbox 262 3943 1357 4023; baseline 0.003 -22"><span class='ocrx_word' id='word_1_345' title='bbox 262 3955 389 4022; x_wconf 86' lang='lat' dir='ltr'><strong>quarta:</strong></span> <span class='ocrx_word' id='word_1_346' title='bbox 420 3945 558 4004; x_wconf 78' lang='lat' dir='ltr'><strong>ferendus</strong></span> <span class='ocrx_word' id='word_1_347' title='bbox 586 3957 684 4004; x_wconf 90' lang='lat' dir='ltr'><strong>tamen</strong></span> <span class='ocrx_word' id='word_1_348' title='bbox 713 3955 775 4005; x_wconf 87' lang='lat' dir='ltr'><strong>erat</strong></span> <span class='ocrx_word' id='word_1_349' title='bbox 801 3943 886 4022; x_wconf 89' lang='lat' dir='ltr'><strong>quasi</strong></span> <span class='ocrx_word' id='word_1_350' title='bbox 914 3945 1026 4023; x_wconf 88' lang='lat' dir='ltr'><strong>lapsus,</strong></span> <span class='ocrx_word' id='word_1_351' title='bbox 1055 3944 1112 4002; x_wconf 88' lang='lat' dir='ltr'><strong>nisi</strong></span> <span class='ocrx_word' id='word_1_352' title='bbox 1139 3944 1232 4003; x_wconf 87' lang='lat' dir='ltr'><strong>altero</strong></span> <span class='ocrx_word' id='word_1_353' title='bbox 1261 3963 1357 4004; x_wconf 88' lang='lat' dir='ltr'><strong>errore</strong></span> 
     </span>
     <span class='ocr_line' id='line_1_39' title="bbox 261 4039 1357 4120; baseline 0.001 -23"><span class='ocrx_word' id='word_1_354' title='bbox 261 4039 381 4116; x_wconf 90' lang='lat' dir='ltr'><strong>culpam</strong></span> <span class='ocrx_word' id='word_1_355' title='bbox 409 4039 599 4111; x_wconf 88' lang='lat' dir='ltr'><strong>cumulasset,</strong></span> <span class='ocrx_word' id='word_1_356' title='bbox 627 4060 693 4100; x_wconf 91' lang='lat' dir='ltr'><strong>cum</strong></span> <span class='ocrx_word' id='word_1_357' title='bbox 716 4041 839 4118; x_wconf 89' lang='lat' dir='ltr'><strong>primam</strong></span> <span class='ocrx_word' id='word_1_358' title='bbox 862 4040 966 4100; x_wconf 86' lang='lat' dir='ltr'><strong>aulcrri</strong></span> <span class='ocrx_word' id='word_1_359' title='bbox 990 4040 1076 4117; x_wconf 90' lang='lat' dir='ltr'><strong>jubet</strong></span> <span class='ocrx_word' id='word_1_360' title='bbox 1098 4039 1241 4120; x_wconf 86' lang='lat' dir='ltr'><strong>syllabam</strong></span> <span class='ocrx_word' id='word_1_361' title='bbox 1264 4059 1301 4098; x_wconf 80' lang='lat' dir='ltr'><strong>ex</strong></span> <span class='ocrx_word' id='word_1_362' title='bbox 1322 4059 1357 4098; x_wconf 86' lang='lat' dir='ltr'><strong>eo</strong></span> 
     </span>
     <span class='ocr_line' id='line_1_40' title="bbox 262 4134 1358 4214; baseline 0.004 -24"><span class='ocrx_word' id='word_1_363' title='bbox 262 4153 365 4194; x_wconf 83' lang='lat' dir='ltr'><strong>uersu:</strong></span> <span class='ocrx_word' id='word_1_364' title='bbox 389 4135 591 4213; x_wconf 78' lang='lat' dir='ltr'><strong>Aufugistiu&#39;l</strong></span> <span class='ocrx_word' id='word_1_365' title='bbox 612 4137 692 4210; x_wconf 87' lang='lat' dir='ltr'><strong>hera,</strong></span> <span class='ocrx_word' id='word_1_366' title='bbox 705 4138 833 4196; x_wconf 81' lang='lat' dir='ltr'><strong>lactum:</strong></span> <span class='ocrx_word' id='word_1_367' title='bbox 856 4137 941 4195; x_wconf 82' lang='lat' dir='ltr'><strong>satin’</strong></span> <span class='ocrx_word' id='word_1_368' title='bbox 955 4135 984 4194; x_wconf 93' lang='lat' dir='ltr'><strong>id</strong></span> <span class='ocrx_word' id='word_1_369' title='bbox 996 4137 1046 4194; x_wconf 89' lang='lat' dir='ltr'><strong>tibi</strong></span> <span class='ocrx_word' id='word_1_370' title='bbox 1063 4135 1161 4214; x_wconf 86' lang='lat' dir='ltr'><strong>placet</strong></span> <span class='ocrx_word' id='word_1_371' title='bbox 1172 4134 1204 4191; x_wconf 76' lang='lat' dir='ltr'><strong>l&#39;</strong></span> <span class='ocrx_word' id='word_1_372' title='bbox 1239 4135 1358 4213; x_wconf 81' lang='lat' dir='ltr'><strong>Integer</strong></span> 
     </span>
     <span class='ocr_line' id='line_1_41' title="bbox 264 4230 1359 4310; baseline 0.005 -23"><span class='ocrx_word' id='word_1_373' title='bbox 264 4230 341 4288; x_wconf 83' lang='lat' dir='ltr'><strong>euim</strong></span> <span class='ocrx_word' id='word_1_374' title='bbox 356 4231 487 4290; x_wconf 83' lang='lat' dir='ltr'><strong>senarius</strong></span> <span class='ocrx_word' id='word_1_375' title='bbox 502 4241 558 4303; x_wconf 84' lang='lat' dir='ltr'><strong>ost,</strong></span> <span class='ocrx_word' id='word_1_376' title='bbox 573 4233 661 4293; x_wconf 87' lang='lat' dir='ltr'><strong>etiam</strong></span> <span class='ocrx_word' id='word_1_377' title='bbox 686 4235 760 4294; x_wconf 88' lang='lat' dir='ltr'><strong>citra</strong></span> <span class='ocrx_word' id='word_1_378' title='bbox 773 4233 961 4304; x_wconf 88' lang='lat' dir='ltr'><strong>ablationem,</strong></span> <span class='ocrx_word' id='word_1_379' title='bbox 976 4231 1125 4310; x_wconf 74' lang='lat' dir='ltr'><strong>spondaeis</strong></span> <span class='ocrx_word' id='word_1_380' title='bbox 1143 4231 1271 4303; x_wconf 89' lang='lat' dir='ltr'><strong>duobus,</strong></span> <span class='ocrx_word' id='word_1_381' title='bbox 1286 4251 1359 4292; x_wconf 82' lang='lat' dir='ltr'><strong>noa·</strong></span> 
     </span>
    </p>
   </div>
   <div class='ocr_carea' id='block_1_7' title="bbox 0 0 1502 4890">
    <p class='ocr_par' dir='ltr' id='par_1_7' title="bbox 0 0 1502 4890">
     <span class='ocr_line' id='line_1_42' title="bbox 0 0 1502 4890; baseline 0 0"><span class='ocrx_word' id='word_1_382' title='bbox 0 0 1502 4890; x_wconf 95' lang='lat' dir='ltr'><strong> </strong></span> 
     </span>
    </p>
   </div>
  </div>
 </body>
</html>
