3012 4892
249 373 293 438 42
520 385 569 438 nn
592 385 797 436 resumens
823 385 868 434 sn
892 385 1084 438 comnis.

251 549 306 592 sua
319 528 442 590 faecibus
462 527 647 608 perlinebant
669 525 789 598 scenici,
811 535 880 586 ante
893 545 978 586 usum
1002 545 1203 607 personarum,
1226 529 1264 588 ab
1278 529 1347 590 AEs·

251 625 341 706 chylo
365 633 523 703 repertum.
565 623 667 682 Foeces
688 621 766 683 enim
789 620 926 682 dicuntur
948 623 1053 684 Grmce
1077 622 1198 701 γρῦ-μα’
1241 623 1280 684 Et
1299 625 1347 684 his

251 721 371 800 quidem
389 719 486 780 causis
500 718 665 798 Trapoedira
680 737 786 778 nomen
804 727 851 778 est
865 717 1025 778 inventum.
1065 719 1106 778 At
1119 737 1199 792 vero,
1213 719 1346 780 nondam

252 817 363 878 conctis
399 817 429 874 in
463 817 565 875 urbem
599 814 842 886 Atheniensibus,
882 833 949 874 cum
984 813 1112 892 Apollini
1146 815 1265 888 Nomio,
1300 816 1349 875 vel

253 907 446 992 Aryses‚'⁴
459 909 490 970 id
506 920 563 982 est,
576 921 727 990 pastorum
741 909 960 988 vicinorumque
974 909 1093 988 prmsidi
1104 910 1180 983 Deo,
1193 921 1347 972 construc-

253 1009 292 1068 tis
306 1008 363 1068 aris
386 1009 416 1067 in
430 1007 571 1068 honorem
585 1004 694 1064 divina
714 1004 755 1064 rei
769 1004 879 1064 circum
903 1005 1009 1064 Attica
1022 1005 1116 1077 vicos,
1131 1005 1228 1079 villas,
1241 1025 1349 1087 pagos,

254 1113 285 1164 et
297 1103 427 1182 compita
440 1101 548 1162 festum
569 1104 707 1160 carmen⁵
730 1098 891 1160 solenniter
903 1109 1075 1160 cantarent:
1096 1111 1161 1162 orta
1172 1113 1220 1162 est
1230 1103 1350 1162 Comm-

255 1199 316 1272 dia,
339 1201 396 1258 dri
419 1209 475 1258 τῶν
488 1209 586 1275 seipsis
600 1199 646 1255 sni
666 1210 714 1268 slis
736 1194 809 1276 p’dr'rs
831 1196 996 1275 composito
1019 1198 1146 1270 nomine,
1160 1196 1207 1257 vel
1228 1200 1286 1258 deb
1300 1205 1351 1257 roi

258 1296 400 1372 :optem
425 1297 471 1352 rol
495 1291 586 1370 ᾅδειν,
610 1291 690 1370 quod
705 1302 761 1362 est,
781 1303 977 1352 comessatum
1000 1293 1041 1352 ira
1060 1302 1236 1354 cantantes:
1267 1294 1351 1372 quod

256 1409 275 1448 a
287 1390 383 1471 politis
398 1387 512 1448 solenni
526 1387 574 1448 die
588 1387 634 1446 rel
656 1387 797 1446 amatorie
810 1387 1030 1448 lascivientibus
1043 1388 1141 1448 eboris
1155 1390 1275 1450 comicis
1289 1409 1350 1450 non

257 1485 417 1546 absurdum
431 1494 486 1546 est.
538 1484 653 1562 ltaque,
676 1494 712 1542 ut
732 1502 838 1554 rernm,
861 1483 902 1543 ita
924 1484 1010 1543 etiarn
1033 1497 1197 1564 temporum
1219 1485 1350 1564 ipsorum

257 1592 354 1662 coeptc
368 1581 470 1642 ordine
484 1581 641 1660 Tragoedia
654 1579 748 1659 primo
761 1579 877 1660 prolata
890 1599 956 1638 esse
975 1581 1174 1659 cognoscitur.
1216 1581 1304 1650 Nam,
1318 1591 1354 1640 nt

260 1679 298 1740 cb
312 1677 432 1738 incultis
450 1688 481 1739 et
493 1677 561 1738 ieris
576 1675 704 1736 moribus
718 1674 860 1756 paulatim
872 1685 1045 1754 perventum
1066 1687 1113 1737 est
1126 1676 1165 1736 ad
1178 1687 1351 1736 mansuetu·

258 1773 369 1846 dinem,
383 1775 528 1850 urbesque
543 1781 613 1832 sunt
625 1769 765 1842 conditm,
786 1779 818 1830 et
835 1771 895 1830 vita
916 1770 1011 1831 mitior
1034 1781 1121 1852 atque
1135 1771 1264 1831 'otiosior
1283 1789 1353 1850 pro·

258 1863 370 1930 cessit:
392 1868 492 1929 iteres
506 1869 625 1946 tragicae
637 1868 725 1946 longe
740 1877 808 1926 ante
823 1866 951 1927 comicas
964 1868 1102 1928 inventa.
1144 1867 1286 1936 Quamvis
1298 1885 1354 1926 au·

259 1972 319 2023 tem
334 1975 410 2023 retro
424 1963 521 2043 prisca
534 1963 717 2022 volventibus
737 1963 898 2041 reperiatur
917 1963 1043 2042 Thespis
1057 1963 1222 2042 Tragoedias
1239 1962 1351 2043 primus

260 2059 414 2118 inventor:
445 2069 476 2118 et
489 2059 650 2118 Cornoedire
665 2059 772 2119 veleris
796 2069 879 2138 pater
894 2059 1015 2138 Eupolis
1029 2077 1097 2118 cum
1107 2059 1229 2118 Cratino
1243 2059 1355 2118 Aristo·

260 2152 416 2232 phaneque
429 2172 496 2213 esse
512 2151 646 2212 dicatur:
670 2153 815 2213 Homerus
831 2165 940 2225 tamen,
955 2155 1005 2233 qui
1027 2154 1088 2214 sere
1111 2155 1206 2214 omnis
1228 2154 1353 2232 po'c‘ticoe

259 2247 444 2328 largissimus
461 2249 527 2308 lons
550 2261 606 2319 est,
630 2249 717 2308 etiam
739 2247 785 2306 his
810 2247 987 2307 carminibus
1011 2247 1145 2329 exempla
1168 2248 1301 2328 praebuit,
1323 2262 1355 2308 et

199 2343 203 2354 '
261 2345 344 2406 velut
356 2343 483 2429 quadarn
498 2361 616 2404 suorum
640 2361 760 2423 operum
774 2343 839 2423 lege
852 2345 1049 2424 proscripsit:
1070 2343 1120 2423 qui
1129 2343 1249 2406 iliadem
1261 2345 1355 2404 instar

262 2439 439 2519 Tragoedias,
453 2439 620 2519 Odysseam
634 2439 672 2498 ad
687 2439 842 2518 imaginem
865 2439 1027 2501 Comoedise
1047 2440 1152 2500 iecisse
1166 2449 1354 2500 monstratur.

264 2535 342 2598 Nam
357 2545 425 2614 post
447 2535 525 2596 illius
545 2535 603 2596 tale
626 2544 798 2614 tantumque
822 2533 1032 2598 documentum
1053 2537 1091 2598 ab
1112 2535 1355 2616 ingeniosissimis

264 2631 459 2692 imitatoribus
481 2643 512 2692 et
525 2631 644 2709 digesta
657 2643 728 2692 sunt
746 2634 775 2692 in
798 2633 944 2703 ordinem,
965 2643 995 2693 et
1008 2632 1103 2692 divisa
1114 2651 1160 2704 ss,
1183 2631 1354 2710 quostiam

263 2737 327 2788 tum
350 2735 459 2786 temere
480 2726 681 2788 scribebantur
695 2727 792 2788 adhuc
806 2727 948 2806 impolita,
964 2737 1051 2806 atqne
1068 2728 1098 2786 in
1111 2727 1184 2806 ipsis
1209 2726 1357 2788 rudimen·

264 2824 303 2884 tis
316 2820 555 2900 haudquaquam,
582 2831 614 2883 ut
626 2833 730 2903 postea
754 2826 927 2896 factasunt,
949 2823 1160 2903 decorantque
1179 2824 1276 2884 lreria.
1316 2824 1357 2884 At

267 2937 323 2980 nos
337 2937 383 2992 ea,
396 2937 464 2997 quar
478 2919 592 2998 proprie
611 2919 649 2980 de
671 2921 830 3000 Tragoedia
854 2920 981 2982 dicenda
1002 2931 1082 2994 sunt,
1107 2920 1192 2981 titulo
1214 2920 1357 3000 propositi

296 3125 312 3172 ⁸
329 3121 449 3171 Dirnrtsr
460 3122 545 3172 Graece
557 3121 677 3186 mue]
693 3121 787 3173 Arban.
829 3119 984 3185 mmuh-u
992 3123 1132 3176 amus.
1150 3125 1252 3176 Erillus
1263 3124 1357 3189 Apollo

264 3196 310 3246 lib.
321 3211 353 3246 rr.
370 3195 562 3258 'avinionensi
579 3197 595 3258 sl
612 3199 655 3256 τῆς
673 3199 790 3262 κωμῳδίαι
828 3197 954 3264 Aniena,
971 3200 1005 3250 de
1016 3215 1069 3266 qno
1080 3199 1137 3252 lusa
1148 3201 1243 3252 (irtel.
1260 3199 1357 3250 Horat.

265 3270 332 3330 eali
350 3274 392 3330 τῆς
407 3273 534 3336 τραγῳδίαι
552 3273 639 3338 eipssn
657 3275 683 3323 lv
700 3275 789 3340 Ἰκαρίῳ
829 3277 914 3326 Carni.
937 3277 983 3326 lib.
1004 3291 1045 3327 ιν.
1067 3278 1152 3328 Odd.
1168 3275 1263 3327 ‘Lenis
1285 3275 1357 3339 Agy-

265 3351 308 3407 riis
324 3349 432 3407 Ἀττικῆς
448 3347 537 3412 εὑρέθη,
550 3347 589 3398 sel
604 3350 656 3398 κατ’
667 3351 790 3402 sinitris
828 3351 902 3415 lens,'
913 3359 941 3401 el
952 3351 988 3401 ibi
1001 3353 1127 3417 Porplryr.
1140 3351 1258 3402 Macrob.
1270 3353 1359 3400 Satur·

265 3425 309 3482 sits
318 3422 407 3487 τρύγης
416 3422 501 3486 καιρὸν,
509 3421 584 3486 lp'oi
592 3424 667 3484 bissi
677 3428 791 3491 ‹prsper-
830 3429 881 3478 nsl.
892 3428 937 3478 lib.
949 3441 968 3478 r.
980 3443 1038 3492 cap.
1048 3432 1074 3479 9.
1107 3427 1201 3478 Postea
1212 3429 1249 3477 sio
1261 3427 1359 3490 legitur

266 3499 296 3548 ri
321 3501 412 3562 rpr‘vros
437 3497 523 3559 ἐκλήθη
546 3499 562 3560 ἡ
586 3501 698 3564 κωμῳδία,
731 3505 790 3554 vid.
830 3505 933 3554 inlllss.
951 3512 1073 3568 parionis
1088 3505 1297 3555 slmiles:
1313 3503 1357 3552 sbi

267 3575 395 3637 ‘Etymol
409 3575 531 3638 Magnum
542 3576 569 3626 in
579 3577 712 3640 Tpmila’
729 3579 767 3628 ld.
831 3580 856 3630 in
866 3581 942 3630 editis
951 3589 1001 3644 est,
1010 3582 1181 3646 vicima-pse
1190 3581 1288 3645 presidi
1297 3581 1359 3631 Deo.

299 3655 316 3700 l
342 3653 565 3716 sponsalitium,
590 3655 628 3704 nei
653 3653 791 3719 AFyAOr‘s]
830 3656 871 3706 ld.

267 3727 333 3776 llaec
349 3735 389 3778 est
408 3729 538 3791 scriptura
557 3729 697 3792 priscorum
716 3732 792 3784 codd.
864 3737 878 3780 o
898 3731 1105 3796 Feslssresrrsss]
1122 3730 1359 3792 santonenses

268 3817 325 3866 que
347 3801 495 3866 selingends
516 3804 619 3854 videtur
636 3807 684 3857 boe
699 3808 792 3858 modo:
831 3808 907 3857 fissis
917 3823 1008 3857 serm
1015 3808 1142 3857 ulensdrr
1152 3811 1303 3856 metarum:
1313 3805 1359 3855 set

267 3876 627 3945 ApollisiNetsiotclAgyieo.
660 3883 703 3932 De
716 3883 794 3946 Apol·
831 3882 1078 3944 rbmpsirsslsits
1095 3882 1280 3943 memoriis
1297 3883 1359 3930 eod·

267 3953 319 4006 line
332 3954 425 4004 Nomio
442 3954 516 4006 Serv.
527 3968 565 4006 rr.
588 3956 739 4022 Georgicon.
762 3957 793 4006 sd
833 3965 885 4008 tata
896 3965 941 4021 est,
956 3961 1082 4022 stopisor,
1097 3975 1112 4008 s
1128 3959 1196 4020 papis
1211 3965 1234 4006 et
1244 3957 1360 4006 curtilem

268 4028 407 4090 illarerbe,
417 4031 424 4056 ⁸
433 4029 562 4094 Auditque
571 4039 674 4081 vocatus
685 4031 797 4096 Apollo.'
831 4036 956 4098 conposito
971 4037 1072 4095 nomine,
1087 4025 1226 4084 oeldsbroi'
1235 4031 1361 4096 κωμάζειν,

267 4103 361 4162 Ἁγνὼ
372 4112 456 4154 autern
467 4107 523 4156 Elei
534 4109 707 4172 appellarunt,
726 4115 794 4157 teste
833 4113 873 4174 asc.
890 4109 930 4160 ld.

270 4180 397 4229 Pausania
409 4182 434 4230 ln
447 4181 550 4244 Elison,
561 4181 616 4234 wic
624 4183 661 4232 ὑπ’
672 4182 796 4242 Ἀθηναίων
