2978 4890
244 401 285 468 ld
305 377 308 386 ¹
687 383 917 460 rnnrnrro.'

287 562 374 626 Tum
390 560 531 626 alterum
546 564 607 636 est,
622 556 713 640 quod
728 555 808 620 milri
823 573 939 639 parurn
954 553 1055 619 etiam
1071 551 1268 636 expeditum
1285 547 1343 618 nsss'

245 683 308 748 que
321 662 427 728 adbuc
442 659 573 725 videtur
588 679 609 724 a
623 657 716 722 Viris
742 655 899 732 Eruditis,
925 663 959 721 et
977 675 1104 732 vereor,
1131 661 1168 719 ut
1192 671 1339 736 unquam

246 765 332 830 satis
346 762 555 846 expediatur.
570 760 710 825 Scilicet
718 757 800 823 Aser
814 767 928 822 noster
938 757 1014 822 itae
1027 756 1221 833 Menandro,
1235 756 1342 839 Apol·

245 867 371 943 lodoro,
389 863 544 948 Diphilo,
560 863 665 927 multa
680 863 848 926 transtulit
869 862 903 925 in
925 881 1005 926 suas
1022 859 1180 936 Famulus,
1196 865 1234 922 nt
1247 865 1341 923 rete·

245 969 291 1033 ris
313 966 458 1032 Graeeiae
488 983 598 1030 mores
621 965 752 1048 passim
773 970 886 1030 notare
910 961 1083 1040 rideatur3
1106 962 1155 1026 ita
1176 959 1341 1026 Romame

247 1071 400 1135 Romane
414 1067 563 1151 scripsit,
578 1072 615 1131 ut
627 1065 853 1156 Romanorum
866 1065 919 1128 sni
935 1064 1001 1129 aevi
1012 1062 1172 1148 ‚instituta
1185 1080 1250 1126 non
1266 1081 1342 1126 raro

246 1174 395 1256 tetigisse
421 1177 599 1254 appareat.
631 1167 779 1251 ,Verum
804 1168 877 1233 haec
906 1167 1028 1249 ubique
1054 1165 1113 1248 qui
1140 1163 1341 1227 certissimis

247 1274 445 1358 argumentis
459 1273 644 1337 discernere
661 1271 815 1355 quiverit,
840 1269 952 1335 videre
965 1287 1019 1332 me
1033 1265 1181 1332 nondum
1195 1265 1342 1330 memini.

246 1376 318 1453 Est,
334 1374 391 1440 ubi
406 1373 562 1440 Donatus
578 1375 651 1458 ipsa
666 1372 807 1450 dubitat,
822 1377 856 1436 et
870 1369 952 1435 nihil
967 1367 1115 1452 expedit.

461 1513 1125 1558 *}****O

665 1725 931 1742 m

262 1963 524 2034 EXCERPTA
547 1965 576 2028 Ε
598 1962 927 2030 PRAEFATIONE
951 1961 1329 2028 blNDENBROGll.

250 2159 354 2248 Pus.
369 2184 601 2248 Tenurvrruu
618 2181 773 2258 Aruuu,
793 2178 978 2246 comoediae
1003 2179 1135 2245 Latinae
1148 2126 1347 2264 scriptorem

250 2285 483 2368 undecumque
506 2283 801 2366 elegantissimum,
816 2289 919 2364 atque
942 2282 1064 2365 ingenii
1087 2281 1210 2359 festivi,
1225 2281 1347 2346 curati·

251 2405 309 2450 ore
337 2384 448 2450 studio
475 2385 673 2449 recensitum
694 2384 785 2448 bono
809 2381 948 2466 publico
971 2382 1129 2447 exhibere
1146 2383 1254 2447 visum
1269 2381 1347 2448 fuit.

252 2487 363 2566 Quem
378 2487 466 2550 enirn
480 2486 576 2570 pueri
591 2485 790 2561 amavimus,
802 2483 955 2567 ejusdem
969 2487 1160 2550 amoenitate
1170 2503 1210 2549 ac
1222 2503 1346 2549 venere

252 2589 305 2652 vel
333 2587 397 2652 hac
420 2607 555 2671 quoque
577 2594 680 2652 aetate
702 2605 762 2650 nos
784 2588 872 2669 capi,
894 2605 960 2650 non
982 2587 1220 2651 erubescimus.
1266 2587 1349 2651 Non

252 2691 459 2772 denegarunt
472 2690 569 2754 nobis
583 2690 647 2754 hac
663 2689 695 2752 in
710 2709 745 2752 re
760 2707 896 2771 operam
917 2707 1010 2752 suam
1025 2689 1125 2753 amici
1140 2689 1259 2766 nostri,
1281 2679 1352 2755 viri

250 2792 383 2858 literati.
429 2791 587 2875 Inprimis
601 2811 678 2856 vero
703 2790 841 2855 multum
865 2789 972 2873 adjuti
995 2809 1108 2855 sumus
1128 2789 1243 2855 farore
1257 2791 1350 2856 cele*

252 2892 384 2958 berrimi
409 2891 644 2976 jurisconsulti
669 2891 785 2956 Frane.
815 2891 941 2956 Pithoei
978 2891 1257 2977 Tricassinensis,
1288 2893 1349 2976 qui

252 2994 317 3057 dno
339 2995 437 3058 nobis
452 2993 599 3058 Terentii
622 2993 830 3075 exemplaria
849 2989 1093 3077 suppeditavit;
1115 2993 1255 3058 alterum
1281 2992 1350 3058 lra-

253 3094 312 3158 tris
329 3094 370 3156 B.
382 3094 432 3158 Μ.
448 3093 588 3157 alterum
604 3113 701 3156 manu
713 3112 775 3158 sua
785 3095 1006 3160 emendatum.
1040 3093 1107 3159 His
1121 3095 1268 3160 accessit
1280 3094 1351 3160 Ms.

253 3193 365 3258 codex
380 3195 439 3278 qui
453 3195 486 3258 in
500 3194 707 3259 bibliotheca
720 3195 807 3276 regis
829 3193 953 3260 Galliae
967 3200 1175 3260 asservatur:
1196 3195 1293 3279 cujus
1307 3215 1350 3262 ea

252 3295 324 3360 visa
339 3301 392 3362 ost
406 3297 600 3378 antiquitas,
621 3314 685 3360 nec
700 3297 807 3360 minor
820 3295 971 3373 bonitas,
986 3303 1026 3360 nt
1041 3297 1092 3361 vel
1107 3296 1203 3360 solus
1216 3297 1351 3363 suffice·

253 3406 314 3475 ret,
328 3397 424 3481 cujus
439 3397 540 3462 fidem
555 3417 789 3480 sequeremur:
812 3398 846 3462 in
861 3399 1045 3482 quostiam
1060 3397 1208 3462 Terentii
1224 3399 1351 3484 imago,

253 3498 352 3582 plane
366 3503 483 3562 uteam
494 3519 538 3563 ex
547 3497 720 3564 Vaticana
729 3499 934 3566 bibliotheca
947 3499 1087 3564 Fulvius
1098 3498 1242 3564 Ursinus
1250 3500 1299 3564 .V.
1309 3503 1352 3570 C.

254 3599 371 3678 edidit,
383 3599 521 3683 antiqua
535 3620 636 3666 manu
651 3601 786 3683 depicta
797 3606 876 3665 erat.
900 3599 964 3665 Usi
975 3619 1093 3665 sumus
1103 3607 1138 3664 et
1153 3601 1231 3666 aliis
1245 3605 1353 3688 scrip-

254 3702 296 3766 tis
307 3701 413 3778 libris,
428 3701 488 3765 sed
504 3703 562 3785 qni
581 3721 756 3786 perparum
773 3701 986 3786 prosuerunt:
1009 3723 1086 3766 narn
1100 3706 1136 3766 et
1150 3704 1354 3770 recentiores

254 3808 367 3884 erant;
391 3810 435 3881 et,
458 3804 488 3868 si
503 3803 584 3886 quid
599 3805 779 3882 variarent,
804 3803 839 3868 id
858 3802 1029 3868 levidense
1044 3801 1228 3868 admodum
1250 3809 1353 3888 atquo

255 3905 370 3986 exigui
385 3905 555 3971 momenti.

301 4005 426 4071 Donati
441 4007 510 4070 duo
525 4007 732 4090 exemplaria
746 4006 933 4085 habuimus,
948 4012 982 4072 et
995 4007 1056 4072 illa
1070 4005 1279 4074 Pitlroeorum
1294 4029 1354 4076 ac

256 4110 372 4172 curata
394 4108 563 4190 diligentia
588 4109 631 4174 ad
655 4109 742 4174 Mss.
766 4108 865 4174 codd.
890 4108 1026 4174 Antonii
1050 4108 1163 4174 Gontii
1177 4109 1356 4179 etJacobi

256 4205 390 4292 anacii
407 4207 661 4277 Antecessornm
678 4211 936 4276 Bituricensinm
951 4211 1093 4293 collata;
1117 4229 1256 4294 qnorum
1269 4233 1354 4282 aux-
