2948 4890
337 365 519 416 nnurnare
543 369 690 418 rrurusrr
716 365 975 420 nrssnnrsrso.
1161 355 1208 420 en

106 511 219 574 scholis
232 509 391 592 loquimar,
415 512 553 573 essentia.
596 515 672 572 Cum
687 509 812 574 Plautus
827 531 908 594 serpe
920 513 1056 594 Tragion,
1070 533 1206 584 nonnun-

106 627 197 688 quam
212 625 331 686 quoque
344 607 431 680 serio,
455 617 565 670 utatur.
600 609 777 687 Quanquam
792 609 831 669 ibi
851 628 923 670 sane
938 629 1044 682 sermo,
1062 621 1097 670 ut
1110 613 1205 691 priore

105 707 175 768 loco
199 721 219 764 a
242 703 377 764 Varrone
397 703 549 786 accipitur.
595 705 697 782 Sermo
721 706 844 766 enimet
866 704 976 778 rdilllnr
997 705 1147 780 differunt,
1173 721 1207 770 ut

105 805 197 864 lrnmo
211 798 469 880 prudentissimus,
483 811 512 860 et
528 800 647 860 loemina
657 821 722 879 quae
732 821 804 881 pure
817 801 968 882 loquitur;
988 803 1086 882 qualis
1101 804 1207 866 dicitur

108 897 313 960 Gracchorum
342 906 446 957 mater.
487 896 733 977 Unumquemque
760 900 839 958 enirn
865 909 945 959 recte
977 901 1149 981 exprimere,
1176 913 1208 963 et

106 995 270 1056 humanam
293 995 402 1074 optime
426 991 575 1052 delineare
594 993 695 1068 ritem,
719 1013 850 1054 summus
873 1004 962 1075 atque
987 1007 1134 1058 extremus
1155 999 1208 1058 viri

108 1105 199 1172 atque
213 1090 343 1152 aucturis
357 1088 476 1150 maximi
491 1099 617 1148 conatus
631 1099 688 1150 eet.
729 1090 824 1151 Recte
835 1091 1025 1162 Grammatici
1039 1093 1078 1152 ad
1092 1094 1208 1175 Sopho·

108 1190 184 1250 clem
198 1208 206 1248 :
220 1189 307 1248 'Em
321 1185 354 1248 bl
366 1198 448 1247 τοῦτο
460 1191 598 1262 μέγιστον
611 1186 643 1246 ἐν
657 1192 795 1268 ποιητικῇ,
805 1185 908 1259 δηλοῦν
921 1187 1004 1260 Ades:
1021 1197 1029 1224 ⁸
1042 1189 1098 1249 Est
1110 1203 1208 1252 nutem

109 1285 183 1346 illud
197 1284 362 1345 maximum
376 1284 406 1343 in
428 1281 559 1354 Po'e'tice,
579 1283 740 1362 exprimere
753 1283 860 1345 ethoa'
894 1284 1031 1346 Debebat
1046 1285 1208 1361 addidisse,

110 1381 139 1440 in
165 1381 342 1442 Dramaticn
363 1379 538 1461 presertim.
578 1379 617 1439 Et
636 1379 778 1442 Horatius
800 1389 860 1442 tarn
874 1381 974 1444 multis
987 1383 1078 1444 vitam
1091 1385 1210 1464 Trngoe·

110 1475 167 1536 diae
182 1477 216 1538 τὸ
230 1475 296 1548 ἦθος
308 1496 376 1540 esse
390 1475 503 1538 docuit.
543 1475 719 1538 Aristotelea
730 1497 810 1551 vero,
820 1478 909 1540 atium
919 1479 950 1540 in
960 1479 1127 1559 Tragoedia,
1140 1490 1210 1562 post

110 1575 383 1653 Actionemlquam
394 1571 536 1635 Fabulam
547 1572 720 1653 plerumque
728 1577 840 1652 vocat)
849 1595 917 1655 qum
926 1577 1063 1638 essentie
1071 1595 1140 1656 pars
1150 1580 1209 1658 pri-

110 1682 294 1752 papanem
304 1669 444 1732 essentia
453 1669 616 1732 secundem
625 1670 819 1732 constituitrb
832 1670 906 1744 ἦθοι.
923 1671 1033 1734 Mirum
1043 1681 1209 1750 astantem,

95 1835 99 1840 ,
111 1769 208 1830 locam
216 1767 360 1832 Varronis
370 1767 513 1828 enemine
523 1765 718 1828 intellectum.
733 1766 792 1836 Qui
802 1787 868 1830 cnm
876 1769 1005 1849 palmam
1017 1769 1047 1830 in
1057 1789 1210 1850 argumen-

112 1865 148 1926 tis
168 1865 296 1928 Caecilio
318 1863 467 1938 concedit,
486 1865 649 1945 principem
669 1865 830 1926 Cornoedire
852 1865 934 1928 haud
954 1866 1044 1930 dubio
1058 1867 1211 1930 Caecilium

112 1963 277 2024 constitnit.
313 1960 435 2030 Quare?
459 1962 532 2022 Pars
557 1961 723 2042 Tragcedise
746 1963 895 2044 precipua
920 1975 968 2026 est
985 1965 1212 2045 Argumentum.

111 2058 289 2120 Aristoteles
312 2058 403 2118 modo
428 2063 528 2138 μῦθον,
553 2057 643 2120 modo
666 2069 722 2120 νῦν
744 2060 919 2138 πραγμάτων
939 2060 1084 2134 σύνθεσιν,
1104 2079 1211 2125 vome

113 2156 198 2216 solet.
238 2155 301 2224 Qui
313 2165 344 2215 et
356 2153 457 2214 multis
472 2155 587 2233 probat,
610 2173 689 2225 eum,
713 2153 763 2233 qui
784 2153 841 2214 bac
855 2165 938 2234 perte
956 2156 1212 2229 excellentium

113 2251 217 2312 ceteris
232 2249 421 2322 destibramr,
433 2249 637 2310 Dramaticum
649 2247 771 2310 Po'e‘tam
786 2247 844 2310 dici
857 2269 956 2330 posse.
991 2250 1066 2312 Pars
1080 2251 1213 2314 mcunds

114 2357 159 2408 est
171 2348 203 2408 τὸ
217 2345 295 2421 loos,
308 2345 467 2426 quodcum
480 2344 618 2406 Terentio
628 2347 762 2426 assignat
772 2345 984 2420 Varro,locum
994 2347 1036 2406 illi
1047 2347 1211 2428 proximum

114 2443 263 2506 concedit.
306 2441 398 2512 Quod
409 2459 470 2502 non
489 2451 590 2521 potest
613 2441 758 2522 ignorare,
779 2441 831 2522 qui
854 2443 992 2522 antiquos
1007 2441 1145 2516 Critlcos,
1169 2443 1214 2504 in·

114 2540 213 2620 primis
228 2550 328 2600 autem
342 2537 542 2611 Aristotelem,
556 2555 624 2598 cum
647 2557 718 2598 cura
732 2539 805 2618 legit
823 2557 859 2598 ac
873 2537 1020 2618 intelligit.
1063 2538 1213 2600 Sermonis

116 2637 193 2700 euius
212 2636 396 2714 tranquaut
410 2633 518 2695 Plauto
533 2635 619 2694 tribui
641 2635 679 2696 eb
693 2653 729 2696 eo
743 2635 858 2708 volunt,
870 2643 986 2694 tentum
999 2634 1086 2695 abest
1098 2645 1133 2694 ut
1145 2653 1214 2696 cum

115 2731 235 2812 reliquis
250 2731 378 2792 conferri
398 2730 504 2810 possit,
528 2739 562 2790 ut
583 2738 733 2808 postremo
757 2731 834 2802 loco,
849 2739 881 2790 et
903 2739 974 2809 post
996 2733 1048 2800 silv
1073 2729 1216 2804 διάνοιαν,

115 2839 254 2906 ponatur.
288 2827 388 2896 Quare
402 2845 438 2886 ex
452 2825 602 2886 sententia
611 2825 760 2896 Varronis,
770 2825 820 2902 qui
831 2823 880 2884 hic
895 2823 1084 2886 Aristotelem
1095 2843 1216 2904 expres·

116 2925 166 2996 sit,
188 2923 303 3004 primus
330 2932 377 2983 est
403 2922 554 2992 Caecilius,
579 2919 728 2982 secandus
751 2929 798 2980 est
820 2920 992 2982 Terentius:
1015 2939 1090 2999 quoa
1105 2919 1215 2982 deinde

115 3019 242 3080 Plautus
257 3021 399 3100 sequitur.
433 3017 523 3086 Quod
534 3016 663 3077 debebat
675 3014 823 3095 cogitasse
835 3015 919 3078 Siren
931 3015 986 3075 esi
1002 3015 1094 3076 nostri
1108 3017 1214 3078 duatus

15 3189 21 3202 ι
117 3117 256 3196 Lipsius:
278 3115 330 3196 qni
343 3115 476 3196 prolecto
490 3113 589 3173 locum
601 3110 706 3172 summi
721 3111 922 3172 Romanorum
934 3111 1036 3176 Critici
1051 3133 1109 3174 non
1123 3133 1214 3195 pene-

115 3215 213 3276 trarit.
255 3214 303 3274 Τὸ
315 3211 380 3285 ἦθος
394 3223 492 3274 autem
512 3208 619 3270 Plauto
631 3207 772 3270 Horatius
786 3207 1024 3288 abjudicetoum
1038 3211 1151 3290 inquit:

595 3304 704 3386 Aspice
715 3304 840 3366 Plautus

280 3406 349 3476 Quo
362 3412 450 3486 pacto
463 3413 562 3484 partes
576 3411 688 3462 tutetur
701 3402 826 3462 mantis
839 3401 954 3481 ephebi.

116 3503 156 3562 Et
167 3501 286 3564 ridetur
299 3499 462 3560 Charinum
475 3497 614 3558 babuisse
629 3497 659 3556 iu
673 3495 781 3570 animo,
794 3498 846 3577 qui
861 3497 1026 3560 Mercatore
1048 3497 1079 3558 sd
1095 3501 1216 3577 μανικὸν
1318 3543 1322 3552 .

116 3601 163 3657 tel
177 3601 208 3660 rb
223 3599 355 3678 ἐρωτικὸν
368 3593 524 3658 confundit
536 3592 611 3666 ἧθοε,
632 3593 691 3654 boc
714 3602 770 3668 est,
793 3594 836 3654 ita
855 3603 945 3666 amat,
965 3604 999 3656 ut
1012 3593 1216 3654 Menaechmus

114 3693 195 3755 furit.
238 3693 346 3756 Furere
359 3703 458 3754 eutem
473 3710 535 3771 prm
549 3709 659 3764 amore,
681 3690 844 3752 Comoedire
858 3709 919 3752 nos
931 3687 1006 3762 lbos,
1026 3688 1080 3750 sed
1095 3689 1216 3768 Tragoe·

116 3789 175 3850 diae
187 3801 236 3850 est
248 3793 355 3851 stone:
376 3797 411 3852 ut
424 3809 460 3849 ex
476 3787 615 3848 Pboedria
628 3787 751 3867 aliisque
773 3797 865 3868 petet.
908 3785 1027 3854 Quarel
1048 3785 1118 3863 quie
1130 3787 1216 3844 πάθοι

115 3887 239 3968 aliquod
253 3889 380 3947 immane
395 3895 577 3967 expectatur.
604 3883 693 3954 Quod
707 3883 893 3963 Tregoediam
907 3880 1119 3953 constituitur
1130 3887 1216 3956 pert*

115 3983 203 4058 βοω
216 3982 509 4045 conveniatl'urenti.¹
549 3979 610 4058 Sed
633 3981 699 4043 brec
721 3979 851 4041 triuiales
875 3998 935 4039 non
958 3977 1145 4058 intelligunt:
1166 3977 1217 4055 qui

116 4099 266 4140 summum
279 4079 382 4138 Virum
395 4077 582 4140 Aristotelem
601 4088 663 4136 tam
684 4075 770 4137 facile
792 4083 994 4146 contemnunt,
1016 4091 1103 4152 quarn
1117 4093 1172 4144 noa
1187 4083 1218 4134 et

110 4176 228 4258 judicia
241 4177 358 4238 illorum
371 4186 402 4238 et
415 4176 571 4255 magistros
596 4172 700 4233 merito
720 4170 943 4244 contemnimus,
965 4169 1072 4249 quibue
1094 4189 1216 4251 persua·
