2948 4890
220 337 284 402 150
326 401 331 410 ,
514 347 652 398 :nurus
675 345 804 396 ossan
827 343 1012 394 sosurcan

220 495 333 555 mtione
346 511 399 572 par
412 499 493 552 esset
506 490 613 564 iambo,
627 507 688 550 nou
702 488 801 568 potuit
813 505 849 548 eo
863 506 930 548 esse
944 487 1067 548 celerior
1079 487 1136 548 nisi
1151 505 1223 550 sane
1238 497 1307 550 um·

220 608 324 672 porum
352 599 542 668 temporaque
568 585 762 646 deserentium
785 583 964 663 syllabarum
979 583 1048 659 situ,
1069 603 1130 662 qua
1143 603 1204 644 une
1217 604 1248 644 re
1271 584 1311 644 illi

222 687 306 746 lieret
320 684 481 744 dissimilis.
521 681 624 742 Trahit
647 683 723 742 enim
744 680 893 740 trocbnus
908 679 1023 758 syllaba
1037 681 1132 758 priore
1146 697 1249 740 vocem
1263 681 1311 751 ita,

127 783 129 786 ’
222 783 309 841 utin
330 779 489 858 posteriore
510 777 691 850 emollescat,
716 796 752 838 ac
765 778 1031 856 quasievanescat.
1073 776 1192 834 Iambus
1213 794 1312 836 econ·

223 877 323 949 trario,
337 877 514 936 celeritatem
528 875 691 955 professus,
705 873 879 953 gravitatem
901 881 1032 950 prasstat.
1075 871 1179 950 ltaque
1194 869 1314 950 sangni-

224 974 323 1032 narius
337 991 402 1052 pes,
412 981 442 1032 et
455 971 636 1051 promtuead
650 967 874 1043 vulnerandum,
886 967 1001 1028 iudicat
1014 977 1045 1026 et
1058 968 1199 1045 impeturn
1212 968 1315 1047 primo,

223 1079 254 1130 et
267 1067 418 1128 statariam
444 1087 575 1146 pugnarn
600 1085 680 1126 mos.
736 1065 772 1124 ld
796 1062 877 1142 qnod
906 1064 1064 1142 Hipponax
1091 1081 1159 1123 cum
1175 1063 1314 1122 acerrimo

222 1163 343 1242 ingenio
357 1163 400 1220 vir
414 1160 665 1232 animadverteret,
677 1179 764 1240 quam
780 1160 922 1220 rationem
937 1159 1064 1236 impetus
1084 1159 1114 1217 in
1129 1158 1205 1237 pede
1220 1177 1312 1237 agno-

224 1258 326 1328 visset,
338 1275 405 1316 eam
419 1258 449 1314 in
461 1255 637 1334 peculiarem
650 1254 719 1334 pedi
732 1273 849 1315 versum
862 1253 1034 1314 transtulit:
1056 1255 1191 1325 nt„sicut
1202 1255 1316 1313 iambus

225 1353 256 1412 in
271 1352 386 1433 syllaba
398 1352 489 1430 longa
501 1352 635 1432 pertinax
649 1362 804 1431 pugnaret,
819 1351 862 1412 sic
876 1350 1018 1410 iambicus
1033 1369 1134 1410 versus
1150 1350 1178 1410 in
1194 1349 1316 1429 longum

226 1447 333 1528 pedem
347 1448 538 1507 incumberet.
561 1447 709 1506 Leviorem
725 1448 802 1508 enim
817 1457 898 1508 ratus
906 1446 1047 1518 iambum,
1061 1465 1149 1524 quam
1164 1457 1198 1506 ut
1211 1445 1251 1504 ad
1265 1447 1318 1506 im·

226 1543 411 1624 pressionem
437 1541 602 1602 faciendam
629 1543 701 1602 satis
723 1552 814 1614 esset,
840 1541 870 1600 in
898 1542 1031 1621 quintam
1059 1541 1180 1620 prealato
1208 1540 1319 1614 sedem,

228 1638 387 1699 succedere
401 1638 428 1697 ei
442 1637 617 1717 spondaeum
630 1637 709 1698 lecit.
751 1637 851 1706 Quare
871 1635 902 1696 id
915 1655 1033 1716 quoquc
1043 1635 1155 1715 judicio
1169 1637 1322 1696 consecuti

225 1753 331 1796 sumus
345 1753 411 1805 nos,
425 1733 542 1813 propius
557 1732 595 1792 ad
610 1743 745 1794 naturam
765 1733 892 1814 partium
916 1751 1105 1793 accessurum
1122 1732 1213 1793 luisse
1226 1742 1321 1792 totum

228 1849 355 1900 versum,
370 1831 395 1889 si
416 1830 530 1888 iambus
544 1829 715 1908 imparibus,
738 1827 888 1888 trocheus
902 1828 1022 1908 paribus
1036 1827 1157 1888 sedibus
1170 1827 1321 1888 constituti

229 1925 364 1986 luissent.
406 1925 499 2004 Cujus
519 1925 562 1984 rei
585 1925 762 2004 exemplum,
776 1924 916 2003 quoniam
941 1943 988 1984 res
1002 1937 1049 1984 ast
1062 1925 1158 1984 miuus
1171 1921 1322 1994 usitats,e

230 2020 338 2080 nostris
353 2019 508 2099 poematiis
531 2019 718 2098 subjiciemus
741 2039 832 2078 unum
850 2039 888 2080 ex
911 2019 1061 2080 iambicis:
1083 2018 1193 2078 ‘Malis
1206 2019 1324 2078 fortuna

230 2117 425 2194 Cornucopia
439 2114 575 2176 fundit:'
606 2115 729 2177 altemm
753 2135 790 2174 ex
811 2115 988 2176 trochaicis:
1023 2115 1076 2174 ‘Si
1099 2114 1216 2196 plaudit
1237 2114 1322 2174 malis

229 2213 358 2290 senuna,
372 2211 444 2292 quid
464 2211 554 2291 justis
568 2211 638 2272 fitt’
672 2213 731 2282 Qui
753 2213 846 2272 flexus
870 2229 1056 2272 numerorum
1075 2211 1100 2270 si
1114 2211 1163 2271 cui
1177 2209 1323 2270 absurdus

229 2307 356 2380 ridetur,
389 2308 415 2367 is
443 2308 606 2368 meminerit
631 2307 745 2368 aurium
772 2306 1017 2368 consuetudinem
1044 2307 1203 2367 violentam
1236 2325 1322 2366 essa:

231 2422 367 2482 novaque
392 2413 481 2481 atqua
505 2403 646 2463 inusitata
667 2421 727 2462 non
753 2413 812 2462 tam
839 2421 954 2482 semper
971 2401 1118 2474 admirari,
1141 2421 1230 2481 quam
1244 2421 1323 2482 saepe

232 2517 380 2578 respuere.
407 2497 516 2558 Verum
530 2517 708 2578 magnopere
720 2509 824 2558 nostra
838 2500 971 2570 interest,
986 2499 1036 2577 qui
1050 2497 1149 2577 quoad
1161 2498 1323 2559 licetAria·

232 2593 332 2655 totelis
365 2592 501 2672 exemplo
536 2613 632 2654 rerum
666 2611 775 2654 causas
806 2593 998 2672 vestigamus,
1036 2594 1136 2654 venari
1170 2594 1324 2668 rationem,

232 2700 472 2770 propterquam,
496 2707 563 2749 cum
589 2689 686 2750 iambo
710 2687 811 2750 sedem
836 2689 1023 2768 assignarent
1046 2690 1144 2769 prisci,
1169 2690 1325 2751 maluerint

233 2805 320 2866 pares
334 2785 468 2846 retinere.
511 2785 600 2858 Nam,
623 2786 648 2846 si
671 2787 700 2846 in
725 2785 872 2866 dactylico
896 2786 1012 2846 senario
1035 2796 1230 2846 cantantum
1255 2789 1327 2847 satis

234 2882 300 2953 luit,
314 2882 419 2961 quinta
439 2882 573 2942 scilicet:
594 2883 655 2944 sive
670 2882 719 2943 ille
739 2883 795 2942 luit
809 2881 1000 2960 spondeicus,
1014 2900 1075 2941 una
1088 2882 1158 2942 item
1173 2882 1228 2942 luit
1243 2883 1327 2954 satis,

234 2979 344 3058 quippe
358 2989 462 3038 sexta:
483 2997 574 3056 qnare
598 2978 728 3038 trocbaeo
754 2978 890 3057 impares,
909 2977 982 3038 alias
1006 2977 1103 3038 iambo
1126 2977 1326 3038 constituere?

234 3090 303 3133 nam
318 3071 375 3130 hoc
390 3090 462 3130 sane
478 3082 584 3150 prater
597 3081 733 3132 naturam
754 3072 865 3134 factum
879 3074 1008 3134 videtur.
1052 3073 1167 3134 Etenim
1181 3093 1232 3152 per
1245 3073 1327 3134 initis

236 3168 261 3228 si
276 3159 412 3226 solis'aut
433 3165 536 3226 iambis
551 3177 603 3226 aut
625 3169 762 3228 trochaeis
778 3189 878 3230 versus
904 3173 1093 3244 constabant,
1115 3170 1230 3230 videtur
1256 3187 1327 3230 sane

235 3263 358 3342 primam
380 3279 528 3339 quamque
550 3261 649 3322 sedern
670 3263 736 3324 illos
762 3265 888 3343 arripere
911 3265 1060 3327 debuisse.
1102 3266 1217 3334 Quibus
1231 3265 1328 3326 serbis

236 3368 271 3416 ot
282 3355 488 3435 respondeam,
502 3375 574 3417 sana
588 3359 771 3436 primum-sic
785 3379 883 3439 agam.
919 3361 986 3420 Non
1001 3381 1068 3422 esse
1083 3381 1180 3422 rernm
1193 3372 1328 3422 naturam

238 3461 356 3514 secutos
369 3454 588 3530 veterespodtas
610 3472 617 3512 :
641 3455 735 3514 multa
747 3455 805 3514 illis
819 3474 873 3534 pro
888 3455 1005 3517 libidine
1027 3458 1106 3517 lacta
1119 3457 1221 3530 luisse,
1237 3456 1330 3520 multa

236 3547 354 3607 fortuito
378 3544 534 3618 excidisse,
558 3567 626 3626 quae
644 3559 748 3626 postea
776 3568 829 3628 pro
851 3550 964 3629 legibus
986 3554 1188 3630 probarentur.
1231 3553 1329 3613 Unum

237 3641 312 3702 illud
337 3641 410 3702 satis
430 3651 559 3712 constat,
585 3661 655 3701 cum
679 3643 809 3704 trochaeo
824 3644 925 3706 sedem
944 3646 1066 3724 primam
1081 3649 1249 3718 retinerent,
1270 3667 1329 3708 non

235 3738 405 3800 inconsulto
420 3735 564 3796 diversam
579 3737 616 3796 ab
631 3757 676 3809 ea,
700 3749 730 3798 et
744 3739 809 3799 aliis
824 3741 983 3820 imparibus
1002 3741 1126 3803 adverso
1140 3743 1209 3822 pedi
1233 3745 1331 3805 iambo

236 3837 416 3914 assignasse.
458 3834 557 3902 Quare
571 3844 672 3894 autem
693 3835 771 3896 hano
795 3836 875 3908 huic,
888 3837 968 3898 illam
990 3837 1032 3896 illi
1055 3837 1245 3910 reddiderint,
1259 3857 1331 3898 sane

239 3931 319 3992 baud
332 3930 419 3992 facile
433 3938 479 3988 est
492 3930 655 3992 intellectu.
691 3933 786 4010 Atque
795 3933 843 3994 bic
854 3932 972 4011 quidem
986 3935 1028 3993 ita
1038 3935 1128 3994 sentit
1142 3934 1331 3995 Priscianus:

242 4026 399 4098 Quoniam,
413 4024 518 4103 inquit,
532 4025 562 4084 in
577 4026 708 4086 secundo
722 4025 798 4106 pede
807 4047 873 4086 cum
888 4027 1068 4088 dimetienda
1077 4030 1209 4090 feriretur
1219 4049 1332 4103 versus,

240 4123 333 4182 minor
348 4123 374 4180 ei
388 4121 453 4180 loco
467 4139 549 4180 mora
561 4119 662 4182 debita
674 4132 729 4182 est.
763 4123 839 4182 Nam
853 4122 923 4182 rnihi
937 4134 1041 4184 contra
1051 4125 1175 4197 videtur,
1190 4127 1331 4205 majorem

238 4235 350 4284 moram
364 4217 463 4278 deberi
478 4217 507 4274 in
522 4217 747 4294 pronuntiando,
762 4220 811 4281 ubi
825 4231 956 4298 tempore
975 4221 1039 4301 ipso
1054 4223 1249 4286 immoramur.
1293 4223 1331 4284 Et
