3012 4892
566 421 615 470 ns
637 421 827 472 rsrsarnn.
1198 413 1243 478 rt

144 573 337 642 tangerentur
360 581 378 622 a
403 581 486 634 roes,
511 562 640 622 sonitum
664 563 796 624 lacerent
817 563 894 624 iuter
914 585 957 626 se.
1001 567 1103 646 linque
1122 569 1243 631 artificio

144 661 291 720 collocata
304 661 435 731 luerunt,
448 670 481 718 ut
495 658 608 719 nullum
621 659 761 738 parietem
771 671 938 740 tangerent,
953 662 1090 742 circaque
1100 661 1244 726 baberent

144 756 241 816 locum
256 773 397 827 omnum,
421 767 451 816 et
470 774 583 815 summo
597 755 695 834 capite
709 755 847 836 spatium,
868 759 1111 838 ponebanturque
1123 771 1154 820 et
1175 781 1244 822 sus·

145 871 239 932 pensa
253 853 451 912 emebantur
465 869 515 910 ore
530 850 645 919 declivi,
668 861 702 910 ut
719 851 749 910 in
763 852 799 912 iis
812 871 869 912 vox
883 865 1013 915 actorum
1028 855 1164 934 ingressa
1176 857 1245 918 bar·

144 947 275 1008 moniam
289 945 429 1018 efficeret,
443 956 474 1006 et
487 947 611 1024 gratiam
626 946 775 1025 quandam
787 947 903 1008 afferret
915 953 1141 1028 spectatoribus,
1152 961 1244 1034 utque

145 1045 300 1106 intellectu
316 1043 429 1102 facilior
442 1053 531 1104 esset
568 1041 645 1102 Vale
659 1042 801 1121 quiddam
815 1044 906 1105 audio
924 1045 1021 1106 adhue
1042 1047 1131 1109 bodie
1144 1061 1245 1112 estare

145 1143 176 1201 in
189 1139 372 1220 quibusdam
386 1139 502 1218 templis
517 1140 658 1219 antiquis,
683 1159 751 1220 qum
769 1159 850 1201 nuno
864 1161 983 1221 quoqne
997 1157 1156 1222 supersunt
1169 1147 1246 1207 intc-

146 1257 210 1319 gro,
224 1235 307 1317 apud
321 1245 432 1297 nostres
444 1237 628 1315 tempestatis
639 1235 773 1296 Grecos.
802 1237 836 1296 ln
849 1257 972 1317 quornm
988 1239 1097 1301 fornice
1112 1241 1246 1304 inleriore

146 1345 238 1415 atque
252 1333 403 1414 superiore
419 1334 498 1394 varia
511 1347 582 1392 sunt
595 1333 740 1393 foramina
762 1333 831 1394 binc
853 1335 922 1396 inde
945 1355 1117 1415 conspersa,
1143 1357 1178 1398 ae
1193 1339 1247 1398 sibi

147 1432 239 1492 veluti
260 1449 298 1490 ex
312 1429 457 1490 diametro
471 1431 509 1489 ab
523 1447 583 1489 uno
597 1429 636 1490 sd
650 1429 731 1490 aliud
746 1430 825 1490 latus
839 1433 1113 1511 correspondentia,
1137 1433 1166 1492 in
1181 1435 1249 1513 qui·-

147 1530 203 1606 bns
218 1547 293 1588 rasa
306 1545 392 1587 aenea
405 1527 533 1606 impacta
548 1537 628 1599 sunt,
642 1545 765 1605 quorum
778 1545 811 1587 os
822 1528 916 1607 (quod
928 1530 1082 1608 angustius
1091 1541 1147 1603 est,
1158 1549 1247 1610 quam

147 1627 211 1704 ipse
229 1627 347 1698 venter)
366 1632 483 1682 tantum
505 1623 632 1683 exterius
657 1633 749 1702 patet,
773 1643 833 1684 non
856 1625 945 1685 etiam
966 1627 1121 1704 prominet.
1162 1627 1197 1686 ln
1211 1645 1249 1688 ea

149 1739 232 1794 rasa,
258 1739 316 1778 ros
337 1720 366 1778 in
382 1720 493 1798 templo
506 1721 674 1780 canentium
688 1720 805 1780 inclusa
817 1721 1016 1782 incredibilem
1029 1723 1119 1782 efficit
1131 1722 1248 1783 harmo-

149 1819 240 1890 niam,
264 1834 416 1895 sonosque
430 1815 681 1890 distinctissimos,
706 1827 737 1878 et
750 1817 911 1877 admodum
925 1827 1037 1896 gratos,
1061 1827 1151 1898 atque
1165 1817 1249 1880 aditu

150 1913 265 1974 faciles.
309 1912 370 1972 Sed
398 1913 427 1971 in
456 1912 579 1973 theatris
606 1933 677 1974 rasa
704 1913 842 1994 resupina
869 1913 1135 1994 suspendebantur.
1176 1915 1249 1976 Tale

151 2010 224 2090 quid
246 2017 347 2068 autem
367 2008 471 2067 Romae
485 2008 596 2070 lactum
611 2010 778 2071 luissesuis
790 2010 971 2090 temporibus
985 2019 1075 2090 negat
1088 2009 1249 2084 Vitruvius,

152 2107 206 2166 sed
220 2107 250 2165 in
267 2105 362 2164 ltaliae
376 2103 545 2184 regionibus
559 2117 590 2167 et
603 2107 632 2166 in
647 2107 780 2187 pluribus
793 2107 965 2168 Graecorum
978 2107 1154 2168 civitatibus.
1186 2107 1251 2167 Un-

153 2204 190 2264 de
205 2203 316 2263 Lucius
339 2201 500 2262 Mummios
515 2203 613 2264 diruto
627 2203 845 2264 Corinthiorum
858 2203 987 2264 'l'beatso
1000 2203 1064 2281 ejus
1079 2223 1164 2264 renea
1178 2221 1251 2264 rasa

154 2299 281 2360 Romam
295 2299 472 2378 deportarit.
514 2301 604 2361 Multi
628 2301 716 2362 etiarn
738 2299 901 2371 architecti,
923 2299 974 2378 qui
998 2299 1028 2359 in
1051 2299 1167 2379 oppidis
1189 2311 1251 2359 non

154 2395 271 2476 magnis
285 2395 414 2455 Theatra
427 2405 666 2471 construxerunt,
680 2407 799 2480 propter
811 2397 878 2458 aeris
893 2396 1032 2476 inopiam,
1046 2395 1182 2458 fictilibus
1197 2395 1252 2456 do-

154 2494 200 2552 liis
212 2493 257 2553 ita
270 2491 446 2551 sonantibus
461 2491 574 2565 electis,
596 2493 653 2555 bae
667 2493 891 2555 ratiocinatione
905 2491 1087 2571 compositis,
1111 2491 1156 2552 usi
1171 2503 1251 2553 sunt.

156 2590 345 2668 Quapropter
359 2587 473 2648 Plinius
487 2590 538 2661 ait,
558 2590 588 2648 in
603 2589 738 2650 Theatris
752 2609 855 2650 rocem
869 2589 976 2668 optime
990 2607 1105 2648 currere
1119 2589 1149 2647 in
1164 2587 1252 2649 doliis

156 2687 306 2746 inanibus.
347 2686 381 2744 ln
406 2685 512 2765 ligneis
532 2693 629 2746 autem
642 2681 776 2754 Theatris
798 2683 1038 2764 (aitVitrurius),
1058 2703 1126 2763 ques
1148 2685 1252 2744 Romae

157 2783 267 2862 passim
282 2783 403 2852 fiebant,
417 2799 477 2841 non
490 2790 554 2841 erat
566 2782 646 2840 rasis
659 2781 752 2841 eneis
766 2799 851 2858 opus,
870 2797 938 2838 aum
951 2778 1148 2838 tabulationes
1162 2777 1254 2838 babe-

158 2889 221 2939 rent
242 2877 421 2956 complures,
446 2895 521 2956 quas
546 2895 652 2936 sonare
676 2893 798 2935 necesse
820 2881 893 2934 erat.
933 2871 1041 2932 Aditus
1063 2873 1199 2952 permulti
1223 2885 1254 2935 et

158 2974 281 3054 spatiosi
294 2973 430 3053 dispositi
443 2983 528 3034 erant
548 2974 627 3034 circa
647 2972 817 3043 Theatrum,
841 2989 897 3030 neo
918 2969 1068 3049 conjuncti
1090 2969 1255 3048 superiores

158 3071 355 3141 inferioribus,
374 3069 427 3130 sed
440 3089 476 3130 ex
489 3070 625 3130 omnibus
639 3068 713 3130 locis
727 3067 860 3149 perpetui
874 3077 904 3128 et
917 3066 1030 3139 directi,
1046 3067 1109 3127 sine
1123 3067 1255 3126 inversu·

159 3168 217 3230 ris:
238 3167 295 3240 uti,
318 3185 384 3226 curn
398 3167 527 3247 populus
543 3167 745 3228 dimittebatur
758 3185 775 3226 e
790 3163 981 3246 spectaculis,
1004 3181 1064 3224 non
1083 3163 1255 3244 comprime·

159 3275 249 3335 retur,
269 3263 324 3324 sed
347 3263 470 3323 baberet
490 3283 527 3324 ex
540 3263 674 3324 omnibus
689 3263 763 3323 locis
778 3263 874 3323 exitus
889 3273 1041 3342 separatos
1056 3261 1119 3321 sine
1133 3260 1256 3342 impedi-

159 3361 250 3420 tione.
293 3359 450 3439 lteliquum
465 3360 584 3420 Theatri
609 3361 762 3420 artificium
776 3379 795 3420 a
809 3359 902 3440 gradu
918 3359 1047 3419 omnium
1062 3356 1256 3438 superiorein

159 3453 349 3516 altitudinem
362 3455 450 3516 trium
465 3456 720 3534 contignationem
733 3447 936 3534 exporrectum
951 3463 1025 3526 erat,
1050 3453 1140 3513 etiam
1161 3451 1190 3510 in
1204 3451 1257 3512 he·

160 3551 339 3631 micyclum:
361 3561 450 3631 atque
470 3552 512 3612 ita
534 3552 759 3620 exaedificatum,
785 3562 818 3612 ut
840 3552 969 3631 porticus
995 3550 1142 3610 efficeret:
1163 3547 1257 3609 unde-

159 3669 286 3729 cumque
308 3657 456 3728 patentes,
479 3657 510 3710 et
529 3648 673 3710 columnis
693 3649 763 3710 hinc
785 3660 816 3710 et
838 3647 907 3708 inde
920 3647 1082 3707 ornatiores
1097 3645 1203 3716 lactas,
1227 3645 1257 3704 iu

159 3765 234 3824 quas
249 3745 380 3826 populus
393 3763 425 3805 se
439 3745 592 3826 reciperet,
610 3747 634 3805 si
648 3747 769 3826 quando
783 3755 902 3826 propter
918 3745 1024 3803 imbres
1039 3751 1091 3800 aut
1104 3741 1171 3800 coeli
1184 3749 1259 3799 tem·

158 3851 306 3921 pertatem
322 3840 419 3900 minus
434 3842 630 3914 commodam,
653 3842 717 3904 ludi
740 3841 1005 3922 interpellarentur.
1048 3837 1120 3896 Eam
1139 3833 1259 3894 Theatri

159 3947 274 4016 partem
300 3935 531 3998 Praecinctiones
554 3937 668 3998 ridetur
682 3938 831 4020 appellare
846 3936 1016 3996 Vitruvius:
1038 3933 1164 4003 Plinius,
1186 3939 1260 4010 ‘pa-

160 4033 263 4094 rietem
276 4025 519 4113 circumjectum!
561 4035 621 4096 Sed
644 4036 795 4098 inferiores
810 4033 904 4094 stimi
918 4031 1037 4092 'l'beatri
1059 4027 1189 4108 porticus
1204 4029 1261 4089 du·

159 4129 252 4209 plioes
279 4141 375 4202 erent,
395 4129 551 4213 mediaque
574 4132 670 4213 spatie
695 4131 842 4194 subdivo
866 4131 942 4191 inter
965 4126 1095 4209 porticus
1119 4125 1259 4186 viridibus

163 4225 393 4301 mersabantur,
421 4229 501 4308 qood
524 4229 632 4310 (inquit
657 4227 820 4308 Vitruvius)
847 4225 1019 4308 Hypethrse
1045 4221 1259 4285 ambulationes
