3012 4892
248 409 291 474 lt
693 380 902 468 rusulum.

251 567 368 652 potius
383 565 468 630 inter
492 583 528 628 se
552 559 769 640 contabulsri,
784 581 883 646 quam
907 560 1057 626 numeris
1070 560 1220 640 astricte,
1235 559 1344 634 videri

249 669 437 734 volucrunt.
482 666 578 732 Idem
601 672 712 731 tamen
736 664 857 730 Cicero
884 663 1006 729 Purud.
1026 679 1082 728 nr.
1104 665 1137 729 2
1159 663 1346 742 ‘Histrio,'

249 771 367 856 iuquit,
388 771 442 834 ‘si
458 767 594 852 paulurn
617 785 655 832 se
675 765 783 830 mouit
796 771 891 832 extra
903 785 1087 843 numerum,
1101 771 1161 831 aut
1180 766 1210 830 si
1225 783 1345 830 versus

249 873 487 958 pronuntiatus
500 877 553 934 est
568 869 701 952 syllaba
714 887 782 934 una
796 869 931 933 brevior
950 874 1010 934 eut
1024 867 1167 951 longior,
1181 867 1344 934 exsibila-

249 983 303 1044 tur
316 981 352 1041 et
365 970 577 1058 exploditur!
622 969 724 1050 Quod
736 971 794 1055 qui
808 970 882 1036 lieri
897 971 1045 1055 potuerit
1056 971 1090 1033 iu
1103 970 1214 1034 Sceua
1227 969 1343 1046 Nova,

248 1081 307 1145 uhi
322 1079 459 1144 demi·
472 1083 601 1143 tautum
609 1075 748 1141 sedibus
760 1074 921 1160 Spondtei
931 1073 1071 1156 recepti,
1082 1073 1142 1137 vix
1155 1071 1344 1154 intelligam

248 1177 594 1260 uedumstdeveten·
606 1173 1344 1260 sermosit,ubi'l¹ragicos,Comicos,Satiri·

248 1301 376 1366 cosque
391 1279 520 1346 lumbis
532 1279 796 1363 Trochaicisque
810 1279 964 1344 versibus
984 1277 1097 1362 plures
1119 1275 1343 1340 immiscuisse

248 1383 441 1470 Spoudaeos
454 1383 617 1448 novimus.
662 1381 755 1462 Quid
770 1380 861 1464 quod
875 1379 1000 1446 numeri
1021 1379 1121 1444 rebus
1135 1378 1264 1462 possim
1277 1393 1344 1460 pa·

249 1505 322 1552 rum
347 1485 560 1563 conveniunt,
590 1485 783 1570 uanumque
808 1481 999 1549 Garmiuum
1025 1499 1130 1564 genus
1155 1479 1190 1544 in
1212 1477 1344 1557 eodem

248 1589 337 1655 idem
350 1587 387 1650 in
401 1586 533 1652 diverso
548 1585 681 1669 negotio
696 1585 895 1651 adhibetur?
939 1584 977 1648 Si
992 1591 1105 1648 tameo
1126 1601 1169 1646 ou
1183 1579 1344 1646 Carmina

249 1698 341 1766 suut,
356 1687 446 1752 uude
469 1687 537 1752 nisi
557 1686 787 1752 diuersissima
810 1685 934 1770 pedum
956 1695 992 1750 et
1014 1691 1193 1750 metrorum
1218 1699 1344 1766 genera

248 1790 515 1874 vixerscutpar.
560 1787 682 1872 Neque
698 1807 839 1872 semper,
852 1785 965 1865 credo,
982 1787 1129 1869 dignitas
1142 1785 1240 1850 nohis
1252 1783 1345 1850 uide·

249 1901 304 1958 tur
317 1893 350 1958 in
366 1891 472 1958 tardis
484 1891 679 1977 Spondaeis,
704 1910 813 1974 neque
836 1889 1061 1956 exardescens
1075 1889 1217 1954 affectus
1242 1889 1277 1954 in
1292 1889 1343 1953 iu·

247 1993 458 2060 citudoribus
484 1993 650 2078 Dactylis.
708 1991 798 2058 illud
826 1991 1028 2059 confidenter
1052 1991 1143 2070 dico,
1172 1991 1236 2056 uisi
1263 1991 1343 2074 quis

248 2097 352 2162 multo
366 2098 548 2162 maximum
562 2096 728 2162 literarum
742 2100 872 2179 partem
888 2095 1112 2172 Comicorum,
1139 2098 1173 2158 ot
1197 2093 1346 2158 maxime

248 2199 362 2266 Plauti
376 2206 409 2266 et
422 2199 572 2264 Terentii
596 2203 698 2264 etate
722 2199 817 2262 aliter
831 2198 1004 2282 scriptam,
1028 2197 1128 2261 ahter
1149 2196 1342 2280 pronuntia·

249 2309 330 2380 turn,
345 2301 400 2366 vel
410 2301 548 2365 omnino
565 2301 598 2365 in
611 2319 761 2364 sermone
776 2318 1002 2384 suppressum,
1016 2298 1106 2382 quod
1125 2317 1214 2363 nuuc
1231 2296 1343 2364 Gallis

249 2409 285 2470 et
300 2401 467 2468 Britannis
480 2421 640 2487 perquem
655 2401 818 2466 familiare
829 2409 894 2479 est,
910 2399 1114 2481 ostenderit3
1138 2399 1198 2466 sed
1213 2405 1256 2480 et,
1267 2421 1344 2485 quoe

248 2507 338 2572 illius
353 2513 519 2589 corruptae
535 2505 823 2589 pronuntiationis
845 2506 932 2569 ratio
946 2503 1056 2583 luerit,
1071 2503 1278 2570 examussim
1293 2505 1344 2570 in-

249 2605 422 2685 dicaverit,
447 2606 675 2690 nequicquam
706 2605 869 2671 Licentiae
894 2603 1044 2671 Comicae
1068 2605 1219 2689 Regulus
1243 2609 1343 2674 uobis

247 2709 475 2774 concinnabit.
519 2707 557 2772 Si
582 2709 671 2772 enim
696 2708 887 2791 promiscue
901 2707 1066 2792 syllabam
1088 2713 1202 2772 contra
1216 2710 1345 2792 quanti-

248 2809 329 2877 tatis
342 2811 500 2894 uulgatae,
521 2810 729 2894 diphthongi,
754 2817 789 2876 et
811 2810 984 2894 positionis
1007 2815 1159 2874 naturam
1181 2812 1348 2894 corripere

246 2910 299 2978 lus
314 2913 370 2990 sit,
384 2913 473 2996 quod
489 2910 660 2978 contendit
672 2911 723 2977 Cl.
740 2911 855 2992 Hare3
879 2912 910 2975 si
924 2931 1001 2988 uon,
1026 2907 1111 2974 Ern'e
1130 2929 1193 2988 ucr,
1216 2910 1277 2975 sed
1297 2907 1344 2974 ite

246 3033 332 3091 eoru,
347 3031 423 3077 cum
438 3011 607 3078 hodiernis
622 3012 743 3090 Gallis,
764 3011 808 3076 Yo
822 3032 883 3096 pro
897 3010 980 3098 Ego,
996 3031 1070 3076 cum
1087 3011 1253 3096 Hispanis
1268 3011 1344 3078 dix-

246 3115 316 3178 isse
330 3113 463 3196 prisccs
478 3113 617 3180 Latinos
632 3113 800 3179 credimus
815 3133 893 3178 cum
917 3113 969 3179 cl.
984 3111 1119 3192 Wuaio,
1134 3114 1216 3198 quid
1240 3123 1343 3180 rouu-

246 3215 311 3278 erit
325 3213 406 3279 viva
419 3213 547 3279 Soeculi
561 3213 715 3280 Plautini
727 3221 762 3280 et
776 3215 974 3280 Terentiani
985 3233 1065 3293 vox,
1087 3235 1168 3280 sane
1192 3235 1280 3298 aegre
1295 3235 1342 3285 ex

247 3314 332 3399 ipris
346 3335 408 3401 per
422 3335 459 3380 se
472 3317 581 3381 literis
597 3317 717 3382 confici
739 3336 843 3402 posse
866 3324 974 3400 patet.
1018 3316 1064 3381 Et
1078 3317 1343 3401 quotusquisque

246 3422 310 3496 est,
323 3419 381 3501 qui
395 3437 461 3482 nou
477 3417 601 3496 uideat,
611 3419 730 3484 eadem
741 3418 869 3484 ratione
883 3425 1007 3483 cuncta
1019 3417 1074 3482 vel
1089 3415 1273 3496 Ciceronis,
1287 3421 1343 3484 cui

246 3517 280 3582 in
295 3518 380 3602 ipsis
396 3519 557 3583 orationis
570 3519 767 3584 fulminibus
783 3519 911 3604 saepius
936 3518 1040 3584 iambi
1065 3518 1271 3598 exciderunt,
1285 3520 1342 3586 vel

246 3619 488 3704 cujuscumque
509 3619 648 3686 alterius
670 3619 853 3708 scriptoris
877 3639 983 3705 opera
1007 3619 1052 3685 ud
1076 3625 1214 3686 metrum
1235 3619 1344 3704 redigi

246 3719 374 3805 pessel
416 3717 514 3786 Adeo
529 3721 635 3786 ardua
657 3739 710 3787 res
735 3727 799 3802 est,
826 3723 870 3788 ed
892 3722 1059 3788 caleulum
1082 3739 1251 3802 revocure,
1272 3741 1342 3807 quo

245 3829 349 3907 pacto
363 3821 446 3906 quid
469 3821 503 3886 iu
528 3824 631 3888 ueteri
646 3824 817 3890 orchestra
831 3824 875 3890 ad
890 3825 1010 3890 tibiam
1023 3825 1151 3890 cantui
1166 3832 1203 3890 et
1227 3825 1343 3891 saltari

246 3925 291 3987 sit
302 3925 445 3990 solitum.
477 3921 575 3989 Vidit
587 3925 633 4004 id,
648 3931 683 3991 et
696 3927 835 4008 ingenue
846 3925 1000 4010 professe
1014 3931 1068 3991 est
1083 3925 1344 4008 Elegantissime

246 4023 356 4105 Anna,
370 4025 468 4110 cujus
482 4027 658 4092 verissima
670 4028 704 4092 in
719 4028 784 4092 line
799 4028 1018 4094 Preiationis
1031 4029 1134 4092 verbu
1148 4033 1243 4097 sunt:
1265 4027 1342 4094 ‘On

244 4129 397 4210 pourrcit
409 4127 493 4194 faire
507 4131 686 4214 beaucoup
701 4129 744 4196 de
760 4150 950 4217 remurques
973 4151 1029 4196 sur
1041 4130 1289 4214 l’arraugemcut
1299 4130 1343 4196 do

244 4237 345 4306 mota,
357 4229 415 4312 qui
440 4249 535 4295 ossen
559 4239 697 4299 souveut
721 4242 800 4302 sont
822 4239 1007 4302 autremeut
1029 4232 1149 4318 places
1171 4231 1256 4298 daus
1280 4249 1340 4298 ces
