2958 4892
451 381 499 430 nn
524 381 663 430 ususrs
686 379 846 440 soutots.
1132 361 1197 434 sut

98 523 276 604 popularem
300 519 439 600 loquendi
463 521 705 582 cousuetudinem
731 521 798 600 ipra
821 538 938 602 quoque
961 523 1199 601 pronuntiatione

104 619 225 700 propius
246 615 411 676 accedant:
444 635 532 695 qoam
565 617 635 676 durn
658 627 878 688 consectantur,
904 617 1060 696 longitudo
1085 619 1137 680 ills
1161 637 1198 680 cx

102 713 333 777 consonantium
347 711 492 792 positione
507 721 572 774 orta
592 713 700 774 frustra
713 713 749 772 iis
763 715 880 782 obsistt
901 713 931 772 ia
947 714 1069 794 syllaba
1083 715 1199 794 quanti·

101 821 164 870 tste
178 807 357 870 (estimanda
371 807 410 866 ud
425 807 534 868 vocalis
542 807 730 868 solummodo
746 819 890 880 usturam,
903 829 970 888 quta
984 809 1105 890 syllabus
1114 811 1200 890 qussi

105 906 204 966 asima
216 915 277 977 ert,
290 903 468 982 respicimus
490 903 515 962 si
530 922 567 962 ca
585 903 682 964 brevis
706 904 754 976 sit,
776 905 919 984 syllabam
933 925 986 984 pro
1003 905 1090 966 libitu
1111 905 1201 966 corri-

101 1001 199 1082 piunt.
242 999 339 1078 idque
353 1017 411 1056 non
436 998 466 1056 in
479 997 592 1057 ultimis
614 997 702 1059 modo
716 999 870 1058 verborum
894 998 1015 1074 syllabis
1035 999 1200 1060 factitatum

105 1105 160 1168 est,
175 1094 277 1156 sedin
295 1095 359 1154 aliis
373 1094 460 1153 etiam
475 1093 640 1171 quibusvis,
659 1093 775 1166 mediis,
789 1093 901 1172 primis,
914 1093 971 1152 nisi
985 1103 1089 1154 contra
1100 1097 1202 1156 obstet

106 1201 269 1259 accentum
293 1199 411 1250 acumm
424 1187 506 1248 illum
529 1188 664 1268 intelligo
684 1198 826 1260 tenorem,
839 1189 890 1268 qui
903 1189 1024 1250 inomni
1038 1209 1109 1252 vocs
1123 1206 1200 1252 noos

110 1295 165 1359 ast,
178 1285 385 1366 syllabamque
399 1303 490 1364 quam
508 1282 592 1342 acuit
611 1303 675 1362 prm
688 1283 792 1344 esteris
814 1283 950 1357 intendit,
968 1296 1000 1346 et
1020 1285 1203 1348 intendendo

109 1401 183 1442 tersa
204 1379 272 1459 ejus
287 1379 444 1460 quantitati
466 1377 596 1458 aliquam
620 1397 726 1440 noram
747 1377 848 1447 addito
878 1399 947 1442 cum
969 1381 1131 1443 intentione
1152 1381 1205 1444 itta

109 1476 201 1554 major
223 1475 408 1554 aliquantum
430 1493 512 1534 mora
535 1472 566 1532 iu
588 1483 677 1534 scuta
697 1473 915 1553 pronuntianda
928 1474 1107 1536 insumatur:
1129 1475 1204 1536 alias

108 1571 288 1652 positionem
302 1570 387 1630 l'scile
401 1568 565 1648 negligunt,
578 1569 726 1650 precipue
740 1569 859 1650 quidem
872 1569 952 1630 illam
966 1590 1034 1648 qum
1051 1589 1089 1630 ex
1099 1567 1204 1632 eadem

109 1685 244 1728 consona
268 1665 419 1746 geminata
444 1664 545 1738 oritur,
569 1684 636 1724 cnm
658 1665 819 1744 antiquitus
843 1665 988 1745 eJurmodl
1011 1686 1099 1728 vocar
1121 1667 1206 1730 litera

114 1761 250 1842 simplice
257 1761 382 1841 scriptos
396 1771 516 1828 essenus
538 1758 697 1827 deludium
710 1780 777 1840 quae
791 1762 872 1821 lites
885 1771 966 1821 muta
979 1772 1008 1824 el
1022 1762 1144 1844 liquido,
1154 1771 1206 1823 aut

110 1877 147 1918 ex
159 1857 315 1937 quibusvis
330 1856 395 1916 aliis
412 1857 556 1918 consonis
570 1876 638 1936 qum
660 1857 690 1916 iu
705 1859 785 1918 vocis
802 1857 892 1918 initio
911 1858 1047 1920 connecti
1069 1867 1205 1938 porrum,

110 1953 193 2014 nulla
206 1952 303 2012 vocali
317 1953 500 2034 interposita.
542 1951 603 2011 Sed
617 1971 672 2012 nec
684 1952 760 2012 intra
772 1952 827 2012 hos
842 1953 915 2014 finer
930 1973 963 2014 se
977 1954 1205 2022 continuerunls

109 2069 309 2130 quoecumque
333 2069 473 2109 consonoe
486 2049 605 2108 brevem
619 2045 750 2106 vocalem
773 2047 931 2126 excipiant,
954 2049 1015 2108 rire
1039 2051 1069 2108 in
1091 2047 1207 2122 eadem,

108 2145 173 2206 sire
186 2146 217 2204 in
231 2143 356 2204 diversis
370 2146 502 2218 vocibus,
517 2142 730 2222 longitudinem
744 2163 812 2222 qum
833 2143 939 2203 exinde
954 2143 1076 2223 syllabus
1093 2163 1207 2204 accres-

108 2240 163 2311 cit,
186 2259 242 2318 pro
256 2238 349 2298 nihilo
363 2239 484 2312 hubent,
498 2248 538 2309 et,
553 2223 578 2296 si
594 2257 695 2298 vernus
715 2237 757 2298 ita
779 2238 924 2318 postulet,
938 2238 1018 2298 illico
1030 2238 1207 2317 corripiunt:

106 2333 212 2406 immo,
235 2333 316 2412 qood
343 2333 437 2413 magis
459 2332 572 2404 mirere,
599 2332 714 2392 malunt
736 2331 793 2392 bae
818 2333 994 2413 corripiendi
1015 2333 1136 2392 licentia
1156 2332 1209 2403 uti,

108 2427 230 2488 etiamsi
245 2427 334 2487 facile
348 2429 386 2486 ab
400 2446 437 2486 ea
457 2445 562 2487 cavere
586 2427 763 2507 potuissent,
781 2445 870 2506 quam
884 2447 987 2488 vocem
1009 2427 1209 2508 dissyllabam,

109 2523 198 2602 cujus
212 2522 418 2604 prima-brevis
433 2531 489 2593 est,
511 2522 543 2580 in
558 2520 690 2582 diversos
712 2520 806 2602 podes
821 2521 994 2596 distrahere,
1018 2541 1085 2582 cnm
1098 2523 1209 2583 crebros

107 2637 237 2678 caesurae
266 2618 425 2677 orationem
452 2615 537 2676 nimis
561 2617 737 2695 exquisitam
760 2625 792 2676 et
811 2616 999 2692 elaboratam,
1023 2635 1209 2678 numerosum

108 2713 200 2774 nimis
213 2723 244 2773 et
260 2731 278 2772 a
292 2711 421 2792 pedestri
435 2731 568 2772 sermone
583 2722 723 2772 mmotum
737 2711 857 2772 fociant.

152 2808 246 2878 Quod
260 2807 377 2868 ridetur
390 2809 479 2893 etiam
493 2808 523 2866 in
537 2827 629 2867 cansa
647 2808 749 2880 luisse,
762 2826 815 2866 cur
828 2808 914 2866 toties
928 2804 1063 2878 creticos,
1074 2807 1211 2885 quamvis

105 2923 175 2965 nno
190 2914 326 2984 tempore
335 2903 418 2982 justo
432 2904 592 2983 longiores,
616 2901 841 2964 ditrocbaeorum
864 2911 963 2982 partes
976 2901 1109 2962 iecerint.
1145 2903 1211 2962 Hoc

106 2999 196 3064 enim
208 3017 413 3078 smpenumcro
427 2999 464 3057 ab
478 2999 513 3058 ils
527 2999 638 3058 suctum
652 2998 747 3078 quivis
768 2997 855 3058 facile
871 2997 991 3066 sideriis
1013 2996 1067 3056 ssd
1084 2997 1211 3058 creticos

107 3105 267 3176 quatenus
280 3094 405 3154 creticos
419 3113 478 3154 non
492 3106 676 3174 receperunt,
698 3114 765 3154 cum
780 3094 837 3154 itte
859 3113 912 3174 pes
938 3094 975 3152 sb
996 3092 1043 3152 bis
1057 3093 1212 3172 generibus

105 3191 239 3251 omuino
259 3189 432 3250 abhorreat:
449 3187 507 3250 hos
525 3189 613 3269 igitur
626 3189 728 3270 pedes,
752 3189 822 3250 licet
833 3208 935 3250 resera
947 3189 1083 3264 creticos,
1097 3207 1133 3250 ac
1147 3209 1213 3270 pro·

100 3285 185 3348 inde
202 3285 334 3364 quiaque
349 3295 522 3364 temporum,
535 3285 668 3346 versibus
683 3285 745 3346 suia
757 3285 926 3346 immiscent
939 3283 1068 3363 quidem,
1090 3285 1143 3348 sed
1157 3288 1213 3348 sub

104 3381 172 3442 alia
187 3380 323 3459 quadam
338 3383 451 3460 specim
478 3401 557 3442 nune
580 3383 682 3462 utique
696 3381 817 3464 dactyli,
842 3400 922 3442 nuno
945 3381 1100 3460 anapoesti,
1122 3383 1215 3461 prims

104 3475 235 3537 scilicet
254 3475 303 3535 rel
327 3476 430 3536 ultima
456 3497 510 3558 pro
537 3488 669 3558 correpta
696 3477 808 3550 babitu,
832 3497 912 3538 nunc
938 3477 1083 3558 spondaei,
1108 3477 1215 3540 attrito

99 3571 218 3632 media
230 3570 339 3644 vocali,
353 3572 447 3632 vicem
462 3573 618 3634 sustinent.
660 3572 830 3634 Maluerunt
844 3571 957 3632 scilicet
972 3571 1118 3652 prosodia
1133 3571 1214 3648 leges

99 3667 306 3748 aliquantum
318 3665 439 3740 violare,
452 3687 540 3746 quam
555 3687 574 3728 a
597 3667 740 3730 sermonis
754 3677 860 3730 ustura
872 3676 904 3728 et
918 3665 1127 3746 pronuntiandi
1140 3685 1212 3728 oon·

97 3761 279 3826 suetudine
294 3762 416 3824 nimium
430 3763 584 3832 recedere:
615 3785 681 3826 cum
696 3765 761 3826 istis
775 3765 889 3844 legibus
903 3763 1026 3840 obsequi
1047 3779 1108 3820 nou
1126 3769 1215 3837 potir-

100 3859 202 3932 erint,
222 3856 283 3916 nisi
297 3857 407 3918 crebris
422 3859 543 3920 caesoris
561 3869 722 3932 uterentur,
736 3871 767 3920 et
780 3860 932 3918 verborum
947 3856 1090 3916 creticum
1109 3854 1216 3933 pudent

96 3951 367 4016 constituentium
381 3953 498 4015 ultimus
514 3954 642 4034 syllabas
657 3953 830 4034 aptioribus
851 3949 1013 4031 turpissime
1035 3949 1217 4012 divellerent·

99 4051 177 4114 Huc
195 4057 308 4108 autem
322 4065 382 4106 nou
395 4048 484 4108 modo
499 4049 529 4108 in
543 4049 668 4129 singulis
682 4049 788 4122 serbis,
802 4067 869 4108 cum
882 4045 991 4108 cretico
1007 4063 1093 4126 psres
1106 4059 1217 4118 essent,

92 4147 233 4214 tactum
248 4151 307 4216 est,
322 4141 376 4203 sed
390 4163 469 4230 saepe
482 4145 570 4206 ctiam
584 4164 652 4206 cnm
670 4143 738 4205 dure
751 4161 838 4206 uoces
852 4141 890 4204 ad
904 4141 1010 4223 pedem
1023 4141 1113 4204 istum
1127 4143 1217 4220 effici·
