<?xml version="1.0" encoding="UTF-8"?>
<!DOCTYPE html PUBLIC "-//W3C//DTD XHTML 1.0 Transitional//EN"
    "http://www.w3.org/TR/xhtml1/DTD/xhtml1-transitional.dtd">
<html xmlns="http://www.w3.org/1999/xhtml" xml:lang="en" lang="en">
 <head>
  <title>
</title>
<meta http-equiv="Content-Type" content="text/html;charset=utf-8" />
  <meta name='ocr-system' content='tesseract 3.04.00' />
  <meta name='ocr-capabilities' content='ocr_page ocr_carea ocr_par ocr_line ocrx_word'/>
</head>
<body>
  <div class='ocr_page' id='page_1' title='image "./comoedisex05westgoog_0280.png"; bbox 0 0 2970 4900; ppageno 0'>
   <div class='ocr_carea' id='block_1_1' title="bbox 288 335 951 401">
    <p class='ocr_par' dir='ltr' id='par_1_1' title="bbox 288 335 951 401">
     <span class='ocr_line' id='line_1_1' title="bbox 288 335 951 401; baseline -0.002 -1"><span class='ocrx_word' id='word_1_1' title='bbox 288 335 354 400; x_wconf 77' lang='lat'>270</span> <span class='ocrx_word' id='word_1_2' title='bbox 704 351 951 401; x_wconf 69' lang='lat' dir='ltr'>incurrerent.</span> 
     </span>
    </p>
   </div>
   <div class='ocr_carea' id='block_1_2' title="bbox 287 489 1360 666">
    <p class='ocr_par' dir='ltr' id='par_1_2' title="bbox 287 489 1360 666">
     <span class='ocr_line' id='line_1_2' title="bbox 287 489 1360 572; baseline 0.002 -22"><span class='ocrx_word' id='word_1_3' title='bbox 287 493 316 550; x_wconf 91' lang='lat' dir='ltr'>in</span> <span class='ocrx_word' id='word_1_4' title='bbox 332 491 483 562; x_wconf 82' lang='lat' dir='ltr'>Cemoedie</span> <span class='ocrx_word' id='word_1_5' title='bbox 504 489 637 562; x_wconf 81' lang='lat' dir='ltr'>Pellinte,</span> <span class='ocrx_word' id='word_1_6' title='bbox 657 503 762 568; x_wconf 81' lang='lat' dir='ltr'>prester</span> <span class='ocrx_word' id='word_1_7' title='bbox 776 491 986 552; x_wconf 75' lang='lat' dir='ltr'><strong>invocationem</strong></span> <span class='ocrx_word' id='word_1_8' title='bbox 1000 492 1125 552; x_wconf 85' lang='lat' dir='ltr'>Juneuie</span> <span class='ocrx_word' id='word_1_9' title='bbox 1142 494 1280 560; x_wconf 74' lang='lat' dir='ltr'>Lucinue3</span> <span class='ocrx_word' id='word_1_10' title='bbox 1301 513 1360 572; x_wconf 81' lang='lat' dir='ltr'>que</span> 
     </span>
     <span class='ocr_line' id='line_1_3' title="bbox 287 585 912 666; baseline -0.002 -20"><span class='ocrx_word' id='word_1_11' title='bbox 287 599 317 646; x_wconf 89' lang='lat' dir='ltr'>et</span> <span class='ocrx_word' id='word_1_12' title='bbox 330 587 395 666; x_wconf 78' lang='lat' dir='ltr'>ipse</span> <span class='ocrx_word' id='word_1_13' title='bbox 407 605 524 665; x_wconf 89' lang='lat' dir='ltr'>quoque</span> <span class='ocrx_word' id='word_1_14' title='bbox 538 597 608 666; x_wconf 84' lang='lat' dir='ltr'>poet</span> <span class='ocrx_word' id='word_1_15' title='bbox 621 605 739 646; x_wconf 88' lang='lat' dir='ltr'>eceuum</span> <span class='ocrx_word' id='word_1_16' title='bbox 754 585 814 646; x_wconf 82' lang='lat' dir='ltr'>fieri</span> <span class='ocrx_word' id='word_1_17' title='bbox 830 586 912 648; x_wconf 84' lang='lat' dir='ltr'>solet.</span> 
     </span>
    </p>
   </div>
   <div class='ocr_carea' id='block_1_3' title="bbox 286 763 1364 978">
    <p class='ocr_par' dir='ltr' id='par_1_3' title="bbox 286 763 1364 978">
     <span class='ocr_line' id='line_1_4' title="bbox 288 763 1361 832; baseline -0.002 -17"><span class='ocrx_word' id='word_1_18' title='bbox 288 763 807 832; x_wconf 81' lang='lat' dir='ltr'>tus,puellesiiberslesuusqusmlnPsi·</span> <span class='ocrx_word' id='word_1_19' title='bbox 847 765 1001 816; x_wconf 86' lang='lat' dir='ltr'>Curculione</span> <span class='ocrx_word' id='word_1_20' title='bbox 1023 766 1180 827; x_wconf 84' lang='lat' dir='ltr'>Pleuesiom,</span> <span class='ocrx_word' id='word_1_21' title='bbox 1204 767 1230 815; x_wconf 89' lang='lat' dir='ltr'>iu</span> <span class='ocrx_word' id='word_1_22' title='bbox 1258 765 1361 830; x_wconf 76' lang='lat' dir='ltr'><strong>Epidico</strong></span> 
     </span>
     <span class='ocr_line' id='line_1_5' title="bbox 286 839 1364 906; baseline 0 -18"><span class='ocrx_word' id='word_1_23' title='bbox 286 839 349 888; x_wconf 81' lang='lat' dir='ltr'>lietu</span> <span class='ocrx_word' id='word_1_24' title='bbox 364 839 496 888; x_wconf 79' lang='lat' dir='ltr'>Comoedie</span> <span class='ocrx_word' id='word_1_25' title='bbox 515 840 599 902; x_wconf 83' lang='lat' dir='ltr'>loqui:</span> <span class='ocrx_word' id='word_1_26' title='bbox 617 840 727 906; x_wconf 85' lang='lat' dir='ltr'>loquitur</span> <span class='ocrx_word' id='word_1_27' title='bbox 740 842 806 890; x_wconf 88' lang='lat' dir='ltr'>enim</span> <span class='ocrx_word' id='word_1_28' title='bbox 846 841 920 904; x_wconf 81' lang='lat' dir='ltr'>uirgo</span> <span class='ocrx_word' id='word_1_29' title='bbox 942 841 986 890; x_wconf 85' lang='lat' dir='ltr'>ilie</span> <span class='ocrx_word' id='word_1_30' title='bbox 1010 839 1202 904; x_wconf 84' lang='lat' dir='ltr'>Strstippeclis,</span> <span class='ocrx_word' id='word_1_31' title='bbox 1220 842 1277 892; x_wconf 75' lang='lat' dir='ltr'>ulie</span> <span class='ocrx_word' id='word_1_32' title='bbox 1299 841 1364 890; x_wconf 81' lang='lat' dir='ltr'>stibi.</span> 
     </span>
     <span class='ocr_line' id='line_1_6' title="bbox 286 913 922 978; baseline 0.002 -15"><span class='ocrx_word' id='word_1_33' title='bbox 286 916 313 963; x_wconf 93' lang='lat' dir='ltr'>lu</span> <span class='ocrx_word' id='word_1_34' title='bbox 341 914 483 966; x_wconf 82' lang='lat' dir='ltr'>Hesutuut.</span> <span class='ocrx_word' id='word_1_35' title='bbox 506 913 648 978; x_wconf 78' lang='lat' dir='ltr'>Antiphilu,</span> <span class='ocrx_word' id='word_1_36' title='bbox 669 915 695 963; x_wconf 91' lang='lat' dir='ltr'>in</span> <span class='ocrx_word' id='word_1_37' title='bbox 718 915 806 964; x_wconf 86' lang='lat' dir='ltr'>Pleuti</span> <span class='ocrx_word' id='word_1_38' title='bbox 851 919 922 966; x_wconf 83' lang='lat' dir='ltr'>West.</span> 
     </span>
    </p>
   </div>
   <div class='ocr_carea' id='block_1_4' title="bbox 414 1349 1239 1400">
    <p class='ocr_par' dir='ltr' id='par_1_4' title="bbox 414 1349 1239 1400">
     <span class='ocr_line' id='line_1_7' title="bbox 414 1349 1239 1400; baseline -0.005 0"><span class='ocrx_word' id='word_1_39' title='bbox 414 1352 501 1400; x_wconf 76' lang='lat' dir='ltr'>AEun</span> <span class='ocrx_word' id='word_1_40' title='bbox 528 1349 669 1400; x_wconf 70' lang='lat' dir='ltr'>uoueri</span> <span class='ocrx_word' id='word_1_41' title='bbox 693 1351 960 1400; x_wconf 69' lang='lat' dir='ltr'>denumerem</span> <span class='ocrx_word' id='word_1_42' title='bbox 985 1350 1024 1398; x_wconf 78' lang='lat' dir='ltr'>IN</span> <span class='ocrx_word' id='word_1_43' title='bbox 1049 1349 1239 1397; x_wconf 70' lang='lat' dir='ltr'>Arruntem.</span> 
     </span>
    </p>
   </div>
   <div class='ocr_carea' id='block_1_5' title="bbox 285 1469 1466 3924">
    <p class='ocr_par' dir='ltr' id='par_1_5' title="bbox 285 1469 1466 3924">
     <span class='ocr_line' id='line_1_8' title="bbox 285 1469 1466 1546; baseline -0.003 -14"><span class='ocrx_word' id='word_1_44' title='bbox 285 1481 421 1532; x_wconf 73' lang='lat' dir='ltr'>Canem</span> <span class='ocrx_word' id='word_1_45' title='bbox 432 1481 546 1544; x_wconf 78' lang='lat' dir='ltr'><strong>Atticm,</strong></span> <span class='ocrx_word' id='word_1_46' title='bbox 556 1487 631 1546; x_wconf 83' lang='lat' dir='ltr'>peter</span> <span class='ocrx_word' id='word_1_47' title='bbox 642 1481 769 1546; x_wconf 82' lang='lat' dir='ltr'>Pssibuise</span> <span class='ocrx_word' id='word_1_48' title='bbox 780 1487 808 1531; x_wconf 91' lang='lat' dir='ltr'>et</span> <span class='ocrx_word' id='word_1_49' title='bbox 819 1481 986 1544; x_wconf 73' lang='lat' dir='ltr'>Philumene,</span> <span class='ocrx_word' id='word_1_50' title='bbox 998 1495 1056 1530; x_wconf 87' lang='lat' dir='ltr'>cum</span> <span class='ocrx_word' id='word_1_51' title='bbox 1065 1495 1097 1530; x_wconf 79' lang='lat' dir='ltr'>es</span> <span class='ocrx_word' id='word_1_52' title='bbox 1112 1481 1151 1530; x_wconf 84' lang='lat' dir='ltr'>isis</span> <span class='ocrx_word' id='word_1_53' title='bbox 1169 1481 1268 1530; x_wconf 84' lang='lat' dir='ltr'>dnsbne</span> <span class='ocrx_word' id='word_1_54' title='bbox 1278 1493 1306 1529; x_wconf 89' lang='lat' dir='ltr'>se</span> <span class='ocrx_word' id='word_1_55' title='bbox 1316 1479 1360 1528; x_wconf 84' lang='lat' dir='ltr'>Ps-</span> <span class='ocrx_word' id='word_1_56' title='bbox 1465 1469 1466 1472; x_wconf 29' lang='lat'>¹</span> 
     </span>
     <span class='ocr_line' id='line_1_9' title="bbox 315 1557 1361 1626; baseline -0.003 -16"><span class='ocrx_word' id='word_1_57' title='bbox 315 1561 424 1612; x_wconf 89' lang='lat' dir='ltr'>sibuisnu</span> <span class='ocrx_word' id='word_1_58' title='bbox 442 1562 583 1626; x_wconf 90' lang='lat' dir='ltr'>perdidisse</span> <span class='ocrx_word' id='word_1_59' title='bbox 602 1557 667 1611; x_wconf 81' lang='lat' dir='ltr'>fsisu</span> <span class='ocrx_word' id='word_1_60' title='bbox 689 1561 816 1624; x_wconf 85' lang='lat' dir='ltr'>crederet,</span> <span class='ocrx_word' id='word_1_61' title='bbox 835 1563 949 1611; x_wconf 83' lang='lat' dir='ltr'>relictsuu</span> <span class='ocrx_word' id='word_1_62' title='bbox 972 1561 1089 1623; x_wconf 75' lang='lat' dir='ltr'>Athenis,</span> <span class='ocrx_word' id='word_1_63' title='bbox 1107 1575 1155 1610; x_wconf 91' lang='lat' dir='ltr'>uec</span> <span class='ocrx_word' id='word_1_64' title='bbox 1175 1560 1254 1608; x_wconf 83' lang='lat' dir='ltr'>vissus</span> <span class='ocrx_word' id='word_1_65' title='bbox 1277 1565 1361 1623; x_wconf 85' lang='lat' dir='ltr'>poetes</span> 
     </span>
     <span class='ocr_line' id='line_1_10' title="bbox 315 1637 1361 1710; baseline -0.004 -20"><span class='ocrx_word' id='word_1_66' title='bbox 315 1643 395 1710; x_wconf 81' lang='lat' dir='ltr'>multo</span> <span class='ocrx_word' id='word_1_67' title='bbox 407 1650 531 1706; x_wconf 87' lang='lat' dir='ltr'>tempere,</span> <span class='ocrx_word' id='word_1_68' title='bbox 548 1649 669 1704; x_wconf 83' lang='lat' dir='ltr'>tunqusnu</span> <span class='ocrx_word' id='word_1_69' title='bbox 686 1641 785 1692; x_wconf 80' lang='lat' dir='ltr'>unicum</span> <span class='ocrx_word' id='word_1_70' title='bbox 803 1639 852 1690; x_wconf 89' lang='lat' dir='ltr'>sibi</span> <span class='ocrx_word' id='word_1_71' title='bbox 869 1639 980 1702; x_wconf 89' lang='lat' dir='ltr'>putsbst</span> <span class='ocrx_word' id='word_1_72' title='bbox 997 1639 1191 1690; x_wconf 74' lang='lat' dir='ltr'>Philumenam:</span> <span class='ocrx_word' id='word_1_73' title='bbox 1208 1651 1284 1702; x_wconf 85' lang='lat' dir='ltr'>quem</span> <span class='ocrx_word' id='word_1_74' title='bbox 1301 1637 1361 1687; x_wconf 83' lang='lat' dir='ltr'>Cis·</span> 
     </span>
     <span class='ocr_line' id='line_1_11' title="bbox 315 1719 1363 1782; baseline -0.002 -13"><span class='ocrx_word' id='word_1_75' title='bbox 315 1721 385 1770; x_wconf 91' lang='lat' dir='ltr'>riuus</span> <span class='ocrx_word' id='word_1_76' title='bbox 407 1721 556 1771; x_wconf 72' lang='lat' dir='ltr'>adolescens</span> <span class='ocrx_word' id='word_1_77' title='bbox 573 1719 737 1770; x_wconf 77' lang='lat' dir='ltr'>Atheniensis</span> <span class='ocrx_word' id='word_1_78' title='bbox 756 1720 892 1770; x_wconf 81' lang='lat' dir='ltr'>sdemsbst</span> <span class='ocrx_word' id='word_1_79' title='bbox 909 1719 993 1782; x_wconf 90' lang='lat' dir='ltr'>unice,</span> <span class='ocrx_word' id='word_1_80' title='bbox 1009 1727 1036 1770; x_wconf 90' lang='lat' dir='ltr'>et</span> <span class='ocrx_word' id='word_1_81' title='bbox 1055 1719 1104 1768; x_wconf 88' lang='lat' dir='ltr'>eibi</span> <span class='ocrx_word' id='word_1_82' title='bbox 1122 1719 1229 1782; x_wconf 87' lang='lat' dir='ltr'>petebst</span> <span class='ocrx_word' id='word_1_83' title='bbox 1251 1731 1363 1768; x_wconf 83' lang='lat' dir='ltr'>uxerem.</span> 
     </span>
     <span class='ocr_line' id='line_1_12' title="bbox 315 1795 1362 1863; baseline -0.004 -15"><span class='ocrx_word' id='word_1_84' title='bbox 315 1799 366 1850; x_wconf 80' lang='lat' dir='ltr'>Sed</span> <span class='ocrx_word' id='word_1_85' title='bbox 386 1807 461 1863; x_wconf 83' lang='lat' dir='ltr'>peter</span> <span class='ocrx_word' id='word_1_86' title='bbox 482 1815 538 1849; x_wconf 78' lang='lat' dir='ltr'>eum</span> <span class='ocrx_word' id='word_1_87' title='bbox 559 1799 695 1863; x_wconf 85' lang='lat' dir='ltr'>i&#39;umpirilu</span> <span class='ocrx_word' id='word_1_88' title='bbox 711 1798 812 1849; x_wconf 86' lang='lat' dir='ltr'>cuidem</span> <span class='ocrx_word' id='word_1_89' title='bbox 831 1799 941 1849; x_wconf 79' lang='lat' dir='ltr'>Simonis</span> <span class='ocrx_word' id='word_1_90' title='bbox 958 1798 1011 1849; x_wconf 84' lang='lat' dir='ltr'>filio</span> <span class='ocrx_word' id='word_1_91' title='bbox 1029 1801 1098 1850; x_wconf 85' lang='lat' dir='ltr'>uitro</span> <span class='ocrx_word' id='word_1_92' title='bbox 1117 1797 1306 1862; x_wconf 83' lang='lat' dir='ltr'>desponderet:</span> <span class='ocrx_word' id='word_1_93' title='bbox 1323 1795 1362 1862; x_wconf 87' lang='lat' dir='ltr'>qui</span> 
     </span>
     <span class='ocr_line' id='line_1_13' title="bbox 315 1876 1362 1943; baseline -0.003 -15"><span class='ocrx_word' id='word_1_94' title='bbox 315 1879 464 1942; x_wconf 86' lang='lat' dir='ltr'>Psmplsiius</span> <span class='ocrx_word' id='word_1_95' title='bbox 475 1885 565 1929; x_wconf 87' lang='lat' dir='ltr'>euntrs</span> <span class='ocrx_word' id='word_1_96' title='bbox 584 1892 694 1928; x_wconf 86' lang='lat' dir='ltr'>sorerem</span> <span class='ocrx_word' id='word_1_97' title='bbox 711 1879 852 1942; x_wconf 79' lang='lat' dir='ltr'>Chrysidis,</span> <span class='ocrx_word' id='word_1_98' title='bbox 863 1893 893 1929; x_wconf 85' lang='lat' dir='ltr'>sc</span> <span class='ocrx_word' id='word_1_99' title='bbox 905 1879 1066 1943; x_wconf 83' lang='lat' dir='ltr'>peregrinum</span> <span class='ocrx_word' id='word_1_100' title='bbox 1082 1887 1136 1928; x_wconf 87' lang='lat' dir='ltr'>tnsn</span> <span class='ocrx_word' id='word_1_101' title='bbox 1148 1878 1282 1938; x_wconf 82' lang='lat' dir='ltr'>creditum,</span> <span class='ocrx_word' id='word_1_102' title='bbox 1293 1876 1362 1926; x_wconf 82' lang='lat' dir='ltr'>Psei-</span> 
     </span>
     <span class='ocr_line' id='line_1_14' title="bbox 316 1957 1363 2022; baseline -0.003 -14"><span class='ocrx_word' id='word_1_103' title='bbox 316 1957 400 2008; x_wconf 80' lang='lat' dir='ltr'>lruism</span> <span class='ocrx_word' id='word_1_104' title='bbox 417 1973 495 2022; x_wconf 89' lang='lat' dir='ltr'>suprs</span> <span class='ocrx_word' id='word_1_105' title='bbox 511 1958 617 2020; x_wconf 86' lang='lat' dir='ltr'>dictem,</span> <span class='ocrx_word' id='word_1_106' title='bbox 628 1957 735 2008; x_wconf 81' lang='lat' dir='ltr'>silerem</span> <span class='ocrx_word' id='word_1_107' title='bbox 746 1959 891 2008; x_wconf 70' lang='lat' dir='ltr'>Chremetis</span> <span class='ocrx_word' id='word_1_108' title='bbox 908 1957 997 2020; x_wconf 83' lang='lat' dir='ltr'>tillem,</span> <span class='ocrx_word' id='word_1_109' title='bbox 1013 1958 1058 2008; x_wconf 87' lang='lat' dir='ltr'>seb</span> <span class='ocrx_word' id='word_1_110' title='bbox 1076 1959 1177 2008; x_wconf 85' lang='lat' dir='ltr'>nomine</span> <span class='ocrx_word' id='word_1_111' title='bbox 1196 1957 1363 2022; x_wconf 76' lang='lat' dir='ltr'>Glycerii,ls·</span> 
     </span>
     <span class='ocr_line' id='line_1_15' title="bbox 315 2036 1363 2102; baseline -0.003 -16"><span class='ocrx_word' id='word_1_112' title='bbox 315 2043 402 2087; x_wconf 91' lang='lat' dir='ltr'>tenter</span> <span class='ocrx_word' id='word_1_113' title='bbox 412 2038 449 2087; x_wconf 84' lang='lat' dir='ltr'>eie</span> <span class='ocrx_word' id='word_1_114' title='bbox 461 2039 565 2100; x_wconf 86' lang='lat' dir='ltr'>snserit,</span> <span class='ocrx_word' id='word_1_115' title='bbox 576 2045 603 2087; x_wconf 91' lang='lat' dir='ltr'>ut</span> <span class='ocrx_word' id='word_1_116' title='bbox 614 2051 647 2086; x_wconf 79' lang='lat' dir='ltr'>ex</span> <span class='ocrx_word' id='word_1_117' title='bbox 658 2053 690 2087; x_wconf 88' lang='lat' dir='ltr'>es</span> <span class='ocrx_word' id='word_1_118' title='bbox 705 2037 785 2088; x_wconf 82' lang='lat' dir='ltr'>tilium</span> <span class='ocrx_word' id='word_1_119' title='bbox 802 2039 959 2102; x_wconf 68' lang='lat' dir='ltr'>suscepisset</span> <span class='ocrx_word' id='word_1_120' title='bbox 978 2039 1059 2088; x_wconf 86' lang='lat' dir='ltr'>inscie</span> <span class='ocrx_word' id='word_1_121' title='bbox 1070 2045 1152 2102; x_wconf 82' lang='lat' dir='ltr'>putre.</span> <span class='ocrx_word' id='word_1_122' title='bbox 1185 2039 1243 2090; x_wconf 81' lang='lat' dir='ltr'>Qus</span> <span class='ocrx_word' id='word_1_123' title='bbox 1254 2052 1282 2087; x_wconf 89' lang='lat' dir='ltr'>re</span> <span class='ocrx_word' id='word_1_124' title='bbox 1294 2036 1363 2086; x_wconf 87' lang='lat' dir='ltr'>intel·</span> 
     </span>
     <span class='ocr_line' id='line_1_16' title="bbox 314 2115 1364 2182; baseline -0.004 -16"><span class='ocrx_word' id='word_1_125' title='bbox 314 2117 392 2180; x_wconf 86' lang='lat' dir='ltr'>lecte,</span> <span class='ocrx_word' id='word_1_126' title='bbox 403 2121 546 2166; x_wconf 85' lang='lat' dir='ltr'>commotus</span> <span class='ocrx_word' id='word_1_127' title='bbox 563 2117 633 2167; x_wconf 75' lang='lat' dir='ltr'>Simu</span> <span class='ocrx_word' id='word_1_128' title='bbox 649 2123 724 2180; x_wconf 83' lang='lat' dir='ltr'>peter</span> <span class='ocrx_word' id='word_1_129' title='bbox 741 2117 879 2181; x_wconf 83' lang='lat' dir='ltr'>Psmplsili,</span> <span class='ocrx_word' id='word_1_130' title='bbox 890 2116 951 2166; x_wconf 84' lang='lat' dir='ltr'>duur</span> <span class='ocrx_word' id='word_1_131' title='bbox 962 2131 1009 2182; x_wconf 93' lang='lat' dir='ltr'>per</span> <span class='ocrx_word' id='word_1_132' title='bbox 1019 2117 1096 2168; x_wconf 83' lang='lat' dir='ltr'>lslsss</span> <span class='ocrx_word' id='word_1_133' title='bbox 1107 2118 1209 2182; x_wconf 75' lang='lat' dir='ltr'>nuptias</span> <span class='ocrx_word' id='word_1_134' title='bbox 1219 2123 1303 2168; x_wconf 85' lang='lat' dir='ltr'>teutst</span> <span class='ocrx_word' id='word_1_135' title='bbox 1314 2115 1364 2164; x_wconf 88' lang='lat' dir='ltr'>sui·</span> 
     </span>
     <span class='ocr_line' id='line_1_17' title="bbox 314 2193 1364 2261; baseline -0.004 -15"><span class='ocrx_word' id='word_1_136' title='bbox 314 2210 383 2246; x_wconf 85' lang='lat' dir='ltr'>mum</span> <span class='ocrx_word' id='word_1_137' title='bbox 401 2193 538 2258; x_wconf 81' lang='lat' dir='ltr'>Pemplsiii.</span> <span class='ocrx_word' id='word_1_138' title='bbox 550 2195 635 2245; x_wconf 87' lang='lat' dir='ltr'>multis</span> <span class='ocrx_word' id='word_1_139' title='bbox 655 2194 762 2244; x_wconf 85' lang='lat' dir='ltr'>modies</span> <span class='ocrx_word' id='word_1_140' title='bbox 776 2195 850 2244; x_wconf 82' lang='lat' dir='ltr'>Deve</span> <span class='ocrx_word' id='word_1_141' title='bbox 868 2196 925 2260; x_wconf 88' lang='lat' dir='ltr'>lpee</span> <span class='ocrx_word' id='word_1_142' title='bbox 944 2196 1073 2246; x_wconf 79' lang='lat' dir='ltr'>deluditur</span> <span class='ocrx_word' id='word_1_143' title='bbox 1092 2212 1183 2246; x_wconf 81' lang='lat' dir='ltr'>uersu:</span> <span class='ocrx_word' id='word_1_144' title='bbox 1201 2197 1364 2261; x_wconf 84' lang='lat' dir='ltr'>periculoque</span> 
     </span>
     <span class='ocr_line' id='line_1_18' title="bbox 314 2264 1368 2341; baseline -0.004 -15"><span class='ocrx_word' id='word_1_145' title='bbox 314 2276 419 2326; x_wconf 82' lang='lat' dir='ltr'>Chsriui</span> <span class='ocrx_word' id='word_1_146' title='bbox 428 2282 456 2326; x_wconf 85' lang='lat' dir='ltr'>et</span> <span class='ocrx_word' id='word_1_147' title='bbox 465 2275 593 2339; x_wconf 84' lang='lat' dir='ltr'>Psmplnili</span> <span class='ocrx_word' id='word_1_148' title='bbox 605 2281 687 2325; x_wconf 89' lang='lat' dir='ltr'>metus</span> <span class='ocrx_word' id='word_1_149' title='bbox 699 2289 772 2324; x_wconf 87' lang='lat' dir='ltr'>error</span> <span class='ocrx_word' id='word_1_150' title='bbox 782 2275 808 2324; x_wconf 92' lang='lat' dir='ltr'>iu</span> <span class='ocrx_word' id='word_1_151' title='bbox 821 2275 919 2326; x_wconf 77' lang='lat' dir='ltr'>Fsbuls</span> <span class='ocrx_word' id='word_1_152' title='bbox 929 2290 1009 2341; x_wconf 90' lang='lat' dir='ltr'>usque</span> <span class='ocrx_word' id='word_1_153' title='bbox 1022 2277 1053 2326; x_wconf 90' lang='lat' dir='ltr'>sd</span> <span class='ocrx_word' id='word_1_154' title='bbox 1065 2291 1122 2326; x_wconf 86' lang='lat' dir='ltr'>eum</span> <span class='ocrx_word' id='word_1_155' title='bbox 1130 2264 1205 2326; x_wconf 83' lang='lat' dir='ltr'>linem</span> <span class='ocrx_word' id='word_1_156' title='bbox 1214 2277 1308 2326; x_wconf 88' lang='lat' dir='ltr'>ductus</span> <span class='ocrx_word' id='word_1_157' title='bbox 1318 2280 1368 2334; x_wconf 91' lang='lat' dir='ltr'>est,</span> 
     </span>
     <span class='ocr_line' id='line_1_19' title="bbox 313 2353 1366 2420; baseline -0.001 -17"><span class='ocrx_word' id='word_1_158' title='bbox 313 2355 373 2403; x_wconf 87' lang='lat' dir='ltr'>dnm</span> <span class='ocrx_word' id='word_1_159' title='bbox 384 2356 499 2404; x_wconf 77' lang='lat' dir='ltr'>Aturuss</span> <span class='ocrx_word' id='word_1_160' title='bbox 510 2355 614 2404; x_wconf 82' lang='lat' dir='ltr'>seuleus</span> <span class='ocrx_word' id='word_1_161' title='bbox 625 2353 737 2402; x_wconf 77' lang='lat' dir='ltr'>Andrius</span> <span class='ocrx_word' id='word_1_162' title='bbox 749 2354 851 2418; x_wconf 79' lang='lat' dir='ltr'>quidem</span> <span class='ocrx_word' id='word_1_163' title='bbox 861 2355 934 2406; x_wconf 86' lang='lat' dir='ltr'>Crito</span> <span class='ocrx_word' id='word_1_164' title='bbox 946 2369 998 2405; x_wconf 88' lang='lat' dir='ltr'>rem</span> <span class='ocrx_word' id='word_1_165' title='bbox 1014 2356 1124 2420; x_wconf 87' lang='lat' dir='ltr'>sperist,</span> <span class='ocrx_word' id='word_1_166' title='bbox 1135 2364 1162 2405; x_wconf 89' lang='lat' dir='ltr'>et</span> <span class='ocrx_word' id='word_1_167' title='bbox 1178 2355 1272 2406; x_wconf 87' lang='lat' dir='ltr'>uedurn</span> <span class='ocrx_word' id='word_1_168' title='bbox 1283 2354 1366 2404; x_wconf 74' lang='lat' dir='ltr'>Fabu-</span> 
     </span>
     <span class='ocr_line' id='line_1_20' title="bbox 313 2433 1366 2500; baseline -0.002 -18"><span class='ocrx_word' id='word_1_169' title='bbox 313 2433 345 2482; x_wconf 78' lang='lat' dir='ltr'>le</span> <span class='ocrx_word' id='word_1_170' title='bbox 356 2435 455 2484; x_wconf 79' lang='lat' dir='ltr'>solvet:</span> <span class='ocrx_word' id='word_1_171' title='bbox 473 2447 605 2498; x_wconf 82' lang='lat' dir='ltr'>perquem</span> <span class='ocrx_word' id='word_1_172' title='bbox 621 2435 709 2496; x_wconf 88' lang='lat' dir='ltr'>sgults</span> <span class='ocrx_word' id='word_1_173' title='bbox 728 2433 850 2484; x_wconf 82' lang='lat' dir='ltr'>Puibuls</span> <span class='ocrx_word' id='word_1_174' title='bbox 866 2435 990 2500; x_wconf 78' lang='lat' dir='ltr'>recipitur</span> <span class='ocrx_word' id='word_1_175' title='bbox 1007 2451 1024 2485; x_wconf 85' lang='lat' dir='ltr'>s</span> <span class='ocrx_word' id='word_1_176' title='bbox 1038 2435 1199 2500; x_wconf 83' lang='lat' dir='ltr'>perentibus,</span> <span class='ocrx_word' id='word_1_177' title='bbox 1211 2441 1237 2484; x_wconf 87' lang='lat' dir='ltr'>et</span> <span class='ocrx_word' id='word_1_178' title='bbox 1256 2433 1366 2484; x_wconf 79' lang='lat' dir='ltr'>truditur</span> 
     </span>
     <span class='ocr_line' id='line_1_21' title="bbox 313 2511 1365 2580; baseline -0.002 -18"><span class='ocrx_word' id='word_1_179' title='bbox 313 2511 449 2576; x_wconf 85' lang='lat' dir='ltr'>Pempiriiu</span> <span class='ocrx_word' id='word_1_180' title='bbox 461 2513 572 2562; x_wconf 84' lang='lat' dir='ltr'>ementi:</span> <span class='ocrx_word' id='word_1_181' title='bbox 590 2513 741 2563; x_wconf 78' lang='lat' dir='ltr'>Philumene</span> <span class='ocrx_word' id='word_1_182' title='bbox 754 2527 815 2564; x_wconf 89' lang='lat' dir='ltr'>seru</span> <span class='ocrx_word' id='word_1_183' title='bbox 832 2515 943 2564; x_wconf 81' lang='lat' dir='ltr'>Cherinu</span> <span class='ocrx_word' id='word_1_184' title='bbox 958 2515 1141 2580; x_wconf 88' lang='lat' dir='ltr'>despondetur,</span> <span class='ocrx_word' id='word_1_185' title='bbox 1151 2521 1178 2564; x_wconf 90' lang='lat' dir='ltr'>et</span> <span class='ocrx_word' id='word_1_186' title='bbox 1196 2513 1307 2563; x_wconf 83' lang='lat' dir='ltr'>truditur</span> <span class='ocrx_word' id='word_1_187' title='bbox 1323 2527 1365 2561; x_wconf 85' lang='lat' dir='ltr'>ex·</span> 
     </span>
     <span class='ocr_line' id='line_1_22' title="bbox 314 2591 1368 2657; baseline -0.002 -16"><span class='ocrx_word' id='word_1_188' title='bbox 314 2591 426 2656; x_wconf 84' lang='lat' dir='ltr'>optenti.</span> <span class='ocrx_word' id='word_1_189' title='bbox 458 2593 602 2656; x_wconf 83' lang='lat' dir='ltr'>Perspecto</span> <span class='ocrx_word' id='word_1_190' title='bbox 614 2599 775 2656; x_wconf 70' lang='lat' dir='ltr'>argumente,</span> <span class='ocrx_word' id='word_1_191' title='bbox 786 2593 853 2642; x_wconf 89' lang='lat' dir='ltr'>scire</span> <span class='ocrx_word' id='word_1_192' title='bbox 865 2593 998 2656; x_wconf 79' lang='lat' dir='ltr'>debemur,</span> <span class='ocrx_word' id='word_1_193' title='bbox 1008 2594 1074 2643; x_wconf 85' lang='lat' dir='ltr'>irsnc</span> <span class='ocrx_word' id='word_1_194' title='bbox 1086 2607 1142 2643; x_wconf 79' lang='lat' dir='ltr'>esee</span> <span class='ocrx_word' id='word_1_195' title='bbox 1153 2594 1273 2642; x_wconf 80' lang='lat' dir='ltr'>uirtutem</span> <span class='ocrx_word' id='word_1_196' title='bbox 1285 2591 1368 2657; x_wconf 75' lang='lat' dir='ltr'>potiti·</span> 
     </span>
     <span class='ocr_line' id='line_1_23' title="bbox 314 2671 1369 2736; baseline -0.001 -14"><span class='ocrx_word' id='word_1_197' title='bbox 314 2685 381 2736; x_wconf 76' lang='lat' dir='ltr'>eum,</span> <span class='ocrx_word' id='word_1_198' title='bbox 391 2679 421 2722; x_wconf 90' lang='lat' dir='ltr'>ut</span> <span class='ocrx_word' id='word_1_199' title='bbox 432 2687 448 2721; x_wconf 89' lang='lat' dir='ltr'>s</span> <span class='ocrx_word' id='word_1_200' title='bbox 458 2672 603 2722; x_wconf 78' lang='lat' dir='ltr'>nouissimis</span> <span class='ocrx_word' id='word_1_201' title='bbox 619 2671 762 2734; x_wconf 85' lang='lat' dir='ltr'>srgumeuti</span> <span class='ocrx_word' id='word_1_202' title='bbox 773 2671 849 2721; x_wconf 91' lang='lat' dir='ltr'>rebus</span> <span class='ocrx_word' id='word_1_203' title='bbox 866 2672 1002 2736; x_wconf 87' lang='lat' dir='ltr'>incipieus,</span> <span class='ocrx_word' id='word_1_204' title='bbox 1012 2672 1111 2721; x_wconf 88' lang='lat' dir='ltr'>initium</span> <span class='ocrx_word' id='word_1_205' title='bbox 1123 2671 1236 2736; x_wconf 80' lang='lat' dir='ltr'>Fsbulre,</span> <span class='ocrx_word' id='word_1_206' title='bbox 1247 2679 1275 2721; x_wconf 91' lang='lat' dir='ltr'>et</span> <span class='ocrx_word' id='word_1_207' title='bbox 1292 2671 1369 2734; x_wconf 84' lang='lat' dir='ltr'>erigi·</span> 
     </span>
     <span class='ocr_line' id='line_1_24' title="bbox 313 2749 1373 2816; baseline -0.002 -16"><span class='ocrx_word' id='word_1_208' title='bbox 313 2764 372 2800; x_wconf 88' lang='lat' dir='ltr'>nem</span> <span class='ocrx_word' id='word_1_209' title='bbox 391 2751 521 2800; x_wconf 82' lang='lat' dir='ltr'>usrrstiue</span> <span class='ocrx_word' id='word_1_210' title='bbox 543 2749 635 2800; x_wconf 84' lang='lat' dir='ltr'>reddet</span> <span class='ocrx_word' id='word_1_211' title='bbox 654 2749 857 2814; x_wconf 83' lang='lat' dir='ltr'>spectetoribus:</span> <span class='ocrx_word' id='word_1_212' title='bbox 873 2757 1054 2816; x_wconf 84' lang='lat' dir='ltr'>sectoremque</span> <span class='ocrx_word' id='word_1_213' title='bbox 1072 2757 1225 2814; x_wconf 87' lang='lat' dir='ltr'>prreseutem</span> <span class='ocrx_word' id='word_1_214' title='bbox 1242 2751 1291 2801; x_wconf 88' lang='lat' dir='ltr'>sibi</span> <span class='ocrx_word' id='word_1_215' title='bbox 1302 2751 1373 2799; x_wconf 78' lang='lat' dir='ltr'>eslii·</span> 
     </span>
     <span class='ocr_line' id='line_1_25' title="bbox 314 2827 1371 2894; baseline -0.002 -15"><span class='ocrx_word' id='word_1_216' title='bbox 314 2830 394 2892; x_wconf 86' lang='lat' dir='ltr'>best,¹</span> <span class='ocrx_word' id='word_1_217' title='bbox 408 2829 452 2878; x_wconf 86' lang='lat' dir='ltr'>ubl</span> <span class='ocrx_word' id='word_1_218' title='bbox 463 2827 521 2878; x_wconf 82' lang='lat' dir='ltr'>finis</span> <span class='ocrx_word' id='word_1_219' title='bbox 531 2837 571 2880; x_wconf 89' lang='lat' dir='ltr'>est</span> <span class='ocrx_word' id='word_1_220' title='bbox 582 2829 699 2880; x_wconf 79' lang='lat' dir='ltr'>Fsbulsr.</span> <span class='ocrx_word' id='word_1_221' title='bbox 733 2829 811 2880; x_wconf 82' lang='lat' dir='ltr'>Hunc</span> <span class='ocrx_word' id='word_1_222' title='bbox 822 2831 889 2880; x_wconf 91' lang='lat' dir='ltr'>euim</span> <span class='ocrx_word' id='word_1_223' title='bbox 901 2829 1010 2881; x_wconf 86' lang='lat' dir='ltr'>orbem²</span> <span class='ocrx_word' id='word_1_224' title='bbox 1027 2837 1055 2880; x_wconf 90' lang='lat' dir='ltr'>et</span> <span class='ocrx_word' id='word_1_225' title='bbox 1063 2831 1185 2880; x_wconf 87' lang='lat' dir='ltr'>circulum</span> <span class='ocrx_word' id='word_1_226' title='bbox 1196 2831 1307 2894; x_wconf 68' lang='lat' dir='ltr'>politica</span> <span class='ocrx_word' id='word_1_227' title='bbox 1320 2830 1371 2878; x_wconf 83' lang='lat' dir='ltr'>sir-</span> 
     </span>
     <span class='ocr_line' id='line_1_26' title="bbox 314 2907 1372 2974; baseline 0.001 -18"><span class='ocrx_word' id='word_1_228' title='bbox 314 2907 394 2958; x_wconf 76' lang='lat' dir='ltr'>tntis³</span> <span class='ocrx_word' id='word_1_229' title='bbox 412 2923 464 2958; x_wconf 92' lang='lat' dir='ltr'>uuu</span> <span class='ocrx_word' id='word_1_230' title='bbox 480 2909 556 2958; x_wconf 88' lang='lat' dir='ltr'>mede</span> <span class='ocrx_word' id='word_1_231' title='bbox 574 2909 655 2959; x_wconf 75' lang='lat' dir='ltr'>secuti</span> <span class='ocrx_word' id='word_1_232' title='bbox 666 2911 838 2973; x_wconf 75' lang='lat' dir='ltr'>sunt&#39;i&#39;rsgici</span> <span class='ocrx_word' id='word_1_233' title='bbox 855 2911 1003 2974; x_wconf 85' lang='lat' dir='ltr'>Comiciqne</span> <span class='ocrx_word' id='word_1_234' title='bbox 1020 2909 1161 2960; x_wconf 71' lang='lat' dir='ltr'>nectores:</span> <span class='ocrx_word' id='word_1_235' title='bbox 1179 2909 1223 2960; x_wconf 88' lang='lat' dir='ltr'>sed</span> <span class='ocrx_word' id='word_1_236' title='bbox 1242 2909 1372 2959; x_wconf 84' lang='lat' dir='ltr'>Humerus</span> 
     </span>
     <span class='ocr_line' id='line_1_27' title="bbox 314 2987 1374 3051; baseline -0.001 -14"><span class='ocrx_word' id='word_1_237' title='bbox 314 2989 393 3037; x_wconf 83' lang='lat' dir='ltr'>etism</span> <span class='ocrx_word' id='word_1_238' title='bbox 414 2994 442 3038; x_wconf 91' lang='lat' dir='ltr'>et</span> <span class='ocrx_word' id='word_1_239' title='bbox 458 2988 583 3051; x_wconf 73' lang='lat' dir='ltr'>Virgilius</span> <span class='ocrx_word' id='word_1_240' title='bbox 605 2996 753 3039; x_wconf 86' lang='lat' dir='ltr'>tenuerunt.</span> <span class='ocrx_word' id='word_1_241' title='bbox 787 2990 944 3040; x_wconf 83' lang='lat' dir='ltr'>Dislelonem</span> <span class='ocrx_word' id='word_1_242' title='bbox 967 2991 1076 3040; x_wconf 79' lang='lat' dir='ltr'>Actuum</span> <span class='ocrx_word' id='word_1_243' title='bbox 1098 2991 1123 3039; x_wconf 91' lang='lat' dir='ltr'>iu</span> <span class='ocrx_word' id='word_1_244' title='bbox 1145 2989 1244 3039; x_wconf 84' lang='lat' dir='ltr'>Lutiuis</span> <span class='ocrx_word' id='word_1_245' title='bbox 1265 2987 1374 3038; x_wconf 81' lang='lat' dir='ltr'>Fsbuiis</span> 
     </span>
     <span class='ocr_line' id='line_1_28' title="bbox 312 3065 1374 3134; baseline 0 -19"><span class='ocrx_word' id='word_1_246' title='bbox 312 3065 487 3116; x_wconf 83' lang='lat' dir='ltr'>internoscere</span> <span class='ocrx_word' id='word_1_247' title='bbox 498 3065 604 3116; x_wconf 83' lang='lat' dir='ltr'>difficile</span> <span class='ocrx_word' id='word_1_248' title='bbox 615 3075 672 3118; x_wconf 84' lang='lat' dir='ltr'>est:</span> <span class='ocrx_word' id='word_1_249' title='bbox 690 3083 791 3119; x_wconf 78' lang='lat' dir='ltr'>cenum</span> <span class='ocrx_word' id='word_1_250' title='bbox 804 3070 955 3134; x_wconf 75' lang='lat' dir='ltr'>jamdudum</span> <span class='ocrx_word' id='word_1_251' title='bbox 967 3069 1203 3120; x_wconf 73' lang='lat' dir='ltr'>demonstravimus.</span> <span class='ocrx_word' id='word_1_252' title='bbox 1237 3067 1317 3118; x_wconf 86' lang='lat' dir='ltr'>Unde</span> <span class='ocrx_word' id='word_1_253' title='bbox 1328 3081 1374 3115; x_wconf 86' lang='lat' dir='ltr'>su·</span> 
     </span>
     <span class='ocr_line' id='line_1_29' title="bbox 313 3145 1377 3212; baseline 0.004 -20"><span class='ocrx_word' id='word_1_254' title='bbox 313 3150 377 3206; x_wconf 87' lang='lat' dir='ltr'>teus,</span> <span class='ocrx_word' id='word_1_255' title='bbox 387 3149 433 3193; x_wconf 89' lang='lat' dir='ltr'>sut</span> <span class='ocrx_word' id='word_1_256' title='bbox 450 3158 501 3209; x_wconf 89' lang='lat' dir='ltr'>quo</span> <span class='ocrx_word' id='word_1_257' title='bbox 517 3145 602 3208; x_wconf 87' lang='lat' dir='ltr'>mode,</span> <span class='ocrx_word' id='word_1_258' title='bbox 620 3148 736 3210; x_wconf 82' lang='lat' dir='ltr'>quemvis</span> <span class='ocrx_word' id='word_1_259' title='bbox 747 3157 825 3211; x_wconf 77' lang='lat' dir='ltr'>segre,</span> <span class='ocrx_word' id='word_1_260' title='bbox 844 3157 929 3198; x_wconf 83' lang='lat' dir='ltr'>tomen</span> <span class='ocrx_word' id='word_1_261' title='bbox 946 3149 1056 3212; x_wconf 90' lang='lat' dir='ltr'>intelligi</span> <span class='ocrx_word' id='word_1_262' title='bbox 1075 3148 1248 3212; x_wconf 74' lang='lat' dir='ltr'>distinguique</span> <span class='ocrx_word' id='word_1_263' title='bbox 1260 3148 1377 3211; x_wconf 88' lang='lat' dir='ltr'>possint,</span> 
     </span>
     <span class='ocr_line' id='line_1_30' title="bbox 312 3223 1378 3290; baseline 0.005 -20"><span class='ocrx_word' id='word_1_264' title='bbox 312 3229 355 3271; x_wconf 91' lang='lat' dir='ltr'>est</span> <span class='ocrx_word' id='word_1_265' title='bbox 370 3235 458 3286; x_wconf 86' lang='lat' dir='ltr'>operre</span> <span class='ocrx_word' id='word_1_266' title='bbox 479 3223 591 3288; x_wconf 90' lang='lat' dir='ltr'>pretium</span> <span class='ocrx_word' id='word_1_267' title='bbox 610 3223 706 3275; x_wconf 87' lang='lat' dir='ltr'>dicere.</span> <span class='ocrx_word' id='word_1_268' title='bbox 738 3226 871 3290; x_wconf 85' lang='lat' dir='ltr'>Principio</span> <span class='ocrx_word' id='word_1_269' title='bbox 891 3225 1027 3278; x_wconf 83' lang='lat' dir='ltr'>dicendum</span> <span class='ocrx_word' id='word_1_270' title='bbox 1045 3235 1094 3289; x_wconf 87' lang='lat' dir='ltr'>eet,</span> <span class='ocrx_word' id='word_1_271' title='bbox 1112 3227 1207 3275; x_wconf 85' lang='lat' dir='ltr'>nullum</span> <span class='ocrx_word' id='word_1_272' title='bbox 1224 3239 1378 3289; x_wconf 75' lang='lat' dir='ltr'>personum,</span> 
     </span>
     <span class='ocr_line' id='line_1_31' title="bbox 312 3302 1376 3370; baseline 0.005 -21"><span class='ocrx_word' id='word_1_273' title='bbox 312 3313 443 3364; x_wconf 79' lang='lat' dir='ltr'>egressum</span> <span class='ocrx_word' id='word_1_274' title='bbox 460 3302 605 3366; x_wconf 83' lang='lat' dir='ltr'>quinquies,</span> <span class='ocrx_word' id='word_1_275' title='bbox 623 3303 691 3352; x_wconf 90' lang='lat' dir='ltr'>nltrs</span> <span class='ocrx_word' id='word_1_276' title='bbox 711 3303 783 3353; x_wconf 82' lang='lat' dir='ltr'>exire</span> <span class='ocrx_word' id='word_1_277' title='bbox 803 3319 887 3368; x_wconf 88' lang='lat' dir='ltr'>pesse.</span> <span class='ocrx_word' id='word_1_278' title='bbox 919 3305 970 3354; x_wconf 87' lang='lat' dir='ltr'>Sed</span> <span class='ocrx_word' id='word_1_279' title='bbox 991 3306 1035 3354; x_wconf 92' lang='lat' dir='ltr'>iiis</span> <span class='ocrx_word' id='word_1_280' title='bbox 1054 3319 1082 3354; x_wconf 88' lang='lat' dir='ltr'>re</span> <span class='ocrx_word' id='word_1_281' title='bbox 1101 3305 1249 3368; x_wconf 81' lang='lat' dir='ltr'>plerumque</span> <span class='ocrx_word' id='word_1_282' title='bbox 1269 3304 1376 3370; x_wconf 88' lang='lat' dir='ltr'>decipi·</span> 
     </span>
     <span class='ocr_line' id='line_1_32' title="bbox 309 3380 1377 3447; baseline 0.003 -17"><span class='ocrx_word' id='word_1_283' title='bbox 309 3394 375 3442; x_wconf 86' lang='lat' dir='ltr'>mur,</span> <span class='ocrx_word' id='word_1_284' title='bbox 385 3380 453 3445; x_wconf 81' lang='lat' dir='ltr'>quod</span> <span class='ocrx_word' id='word_1_285' title='bbox 471 3393 614 3444; x_wconf 82' lang='lat' dir='ltr'>personum,</span> <span class='ocrx_word' id='word_1_286' title='bbox 626 3394 684 3430; x_wconf 86' lang='lat' dir='ltr'>cunr</span> <span class='ocrx_word' id='word_1_287' title='bbox 704 3383 824 3444; x_wconf 79' lang='lat' dir='ltr'>teuderii,</span> <span class='ocrx_word' id='word_1_288' title='bbox 836 3397 963 3447; x_wconf 79' lang='lat' dir='ltr'>egressum</span> <span class='ocrx_word' id='word_1_289' title='bbox 980 3381 1047 3432; x_wconf 81' lang='lat' dir='ltr'>fsisu</span> <span class='ocrx_word' id='word_1_290' title='bbox 1063 3389 1199 3446; x_wconf 81' lang='lat' dir='ltr'>putemus:</span> <span class='ocrx_word' id='word_1_291' title='bbox 1215 3397 1286 3446; x_wconf 67' lang='lat' dir='ltr'>que,</span> <span class='ocrx_word' id='word_1_292' title='bbox 1298 3385 1377 3433; x_wconf 83' lang='lat' dir='ltr'>nihil·</span> 
     </span>
     <span class='ocr_line' id='line_1_33' title="bbox 312 3459 1381 3526; baseline 0.005 -17"><span class='ocrx_word' id='word_1_293' title='bbox 312 3460 410 3510; x_wconf 91' lang='lat' dir='ltr'>ominus</span> <span class='ocrx_word' id='word_1_294' title='bbox 429 3459 455 3508; x_wconf 93' lang='lat' dir='ltr'>iu</span> <span class='ocrx_word' id='word_1_295' title='bbox 476 3459 611 3522; x_wconf 85' lang='lat' dir='ltr'>proscenio</span> <span class='ocrx_word' id='word_1_296' title='bbox 627 3466 727 3524; x_wconf 77' lang='lat' dir='ltr'>tacens,</span> <span class='ocrx_word' id='word_1_297' title='bbox 743 3461 863 3525; x_wconf 84' lang='lat' dir='ltr'>loquendi</span> <span class='ocrx_word' id='word_1_298' title='bbox 883 3469 984 3526; x_wconf 90' lang='lat' dir='ltr'>tempus</span> <span class='ocrx_word' id='word_1_299' title='bbox 1003 3467 1134 3524; x_wconf 84' lang='lat' dir='ltr'>espectet.</span> <span class='ocrx_word' id='word_1_300' title='bbox 1168 3463 1216 3512; x_wconf 81' lang='lat' dir='ltr'>Est</span> <span class='ocrx_word' id='word_1_301' title='bbox 1233 3462 1321 3526; x_wconf 88' lang='lat' dir='ltr'>igitur</span> <span class='ocrx_word' id='word_1_302' title='bbox 1341 3470 1381 3514; x_wconf 86' lang='lat' dir='ltr'>st·</span> 
     </span>
     <span class='ocr_line' id='line_1_34' title="bbox 312 3536 1381 3606; baseline 0.004 -18"><span class='ocrx_word' id='word_1_303' title='bbox 312 3547 384 3588; x_wconf 91' lang='lat' dir='ltr'>teute</span> <span class='ocrx_word' id='word_1_304' title='bbox 396 3536 660 3600; x_wconf 85' lang='lat' dir='ltr'>suimedrertendum,</span> <span class='ocrx_word' id='word_1_305' title='bbox 675 3538 718 3587; x_wconf 90' lang='lat' dir='ltr'>ubi</span> <span class='ocrx_word' id='word_1_306' title='bbox 729 3545 758 3588; x_wconf 93' lang='lat' dir='ltr'>et</span> <span class='ocrx_word' id='word_1_307' title='bbox 776 3540 879 3604; x_wconf 88' lang='lat' dir='ltr'>qusude</span> <span class='ocrx_word' id='word_1_308' title='bbox 895 3555 972 3590; x_wconf 88' lang='lat' dir='ltr'>eceus</span> <span class='ocrx_word' id='word_1_309' title='bbox 991 3554 1070 3591; x_wconf 84' lang='lat' dir='ltr'>secus</span> <span class='ocrx_word' id='word_1_310' title='bbox 1081 3541 1116 3590; x_wconf 88' lang='lat' dir='ltr'>sit</span> <span class='ocrx_word' id='word_1_311' title='bbox 1126 3541 1159 3591; x_wconf 87' lang='lat' dir='ltr'>sb</span> <span class='ocrx_word' id='word_1_312' title='bbox 1175 3540 1299 3590; x_wconf 87' lang='lat' dir='ltr'>omnibns</span> <span class='ocrx_word' id='word_1_313' title='bbox 1318 3558 1381 3606; x_wconf 90' lang='lat' dir='ltr'>per-</span> 
     </span>
     <span class='ocr_line' id='line_1_35' title="bbox 311 3615 1381 3684; baseline 0.003 -15"><span class='ocrx_word' id='word_1_314' title='bbox 311 3620 389 3682; x_wconf 85' lang='lat' dir='ltr'>sonis,</span> <span class='ocrx_word' id='word_1_315' title='bbox 404 3625 433 3668; x_wconf 91' lang='lat' dir='ltr'>ut</span> <span class='ocrx_word' id='word_1_316' title='bbox 448 3617 474 3666; x_wconf 89' lang='lat' dir='ltr'>ln</span> <span class='ocrx_word' id='word_1_317' title='bbox 492 3631 523 3666; x_wconf 87' lang='lat' dir='ltr'>ee</span> <span class='ocrx_word' id='word_1_318' title='bbox 541 3615 638 3666; x_wconf 86' lang='lat' dir='ltr'>Cinorus</span> <span class='ocrx_word' id='word_1_319' title='bbox 657 3617 698 3667; x_wconf 84' lang='lat' dir='ltr'>vel</span> <span class='ocrx_word' id='word_1_320' title='bbox 715 3617 822 3668; x_wconf 79' lang='lat' dir='ltr'>&#39;iibicen</span> <span class='ocrx_word' id='word_1_321' title='bbox 841 3617 923 3668; x_wconf 92' lang='lat' dir='ltr'>sudiri</span> <span class='ocrx_word' id='word_1_322' title='bbox 942 3620 1042 3683; x_wconf 84' lang='lat' dir='ltr'>pessit:</span> <span class='ocrx_word' id='word_1_323' title='bbox 1059 3619 1202 3684; x_wconf 84' lang='lat' dir='ltr'>quodcum</span> <span class='ocrx_word' id='word_1_324' title='bbox 1219 3621 1381 3682; x_wconf 84' lang='lat' dir='ltr'>viderimus,</span> 
     </span>
     <span class='ocr_line' id='line_1_36' title="bbox 311 3693 1383 3762; baseline 0.003 -13"><span class='ocrx_word' id='word_1_325' title='bbox 311 3699 347 3750; x_wconf 85' lang='lat' dir='ltr'>ibi</span> <span class='ocrx_word' id='word_1_326' title='bbox 365 3697 459 3748; x_wconf 78' lang='lat' dir='ltr'>Actum</span> <span class='ocrx_word' id='word_1_327' title='bbox 476 3710 533 3746; x_wconf 87' lang='lat' dir='ltr'>esee</span> <span class='ocrx_word' id='word_1_328' title='bbox 556 3693 657 3746; x_wconf 86' lang='lat' dir='ltr'>finitum</span> <span class='ocrx_word' id='word_1_329' title='bbox 674 3695 796 3748; x_wconf 85' lang='lat' dir='ltr'>debemus</span> <span class='ocrx_word' id='word_1_330' title='bbox 812 3709 961 3761; x_wconf 81' lang='lat' dir='ltr'>egucecere.</span> <span class='ocrx_word' id='word_1_331' title='bbox 994 3697 1136 3748; x_wconf 65' lang='lat' dir='ltr'>(bniuudlt</span> <span class='ocrx_word' id='word_1_332' title='bbox 1156 3713 1227 3762; x_wconf 76' lang='lat' dir='ltr'>sepe</span> <span class='ocrx_word' id='word_1_333' title='bbox 1245 3699 1383 3752; x_wconf 69' lang='lat' dir='ltr'>lecture·</span> 
     </span>
     <span class='ocr_line' id='line_1_37' title="bbox 310 3776 1382 3844; baseline 0.003 -18"><span class='ocrx_word' id='word_1_334' title='bbox 310 3777 346 3840; x_wconf 89' lang='lat' dir='ltr'>ld,</span> <span class='ocrx_word' id='word_1_335' title='bbox 364 3776 432 3841; x_wconf 76' lang='lat' dir='ltr'>quud</span> <span class='ocrx_word' id='word_1_336' title='bbox 450 3789 559 3841; x_wconf 87' lang='lat' dir='ltr'>persons</span> <span class='ocrx_word' id='word_1_337' title='bbox 576 3776 602 3824; x_wconf 92' lang='lat' dir='ltr'>in</span> <span class='ocrx_word' id='word_1_338' title='bbox 624 3777 751 3840; x_wconf 90' lang='lat' dir='ltr'>superiori</span> <span class='ocrx_word' id='word_1_339' title='bbox 769 3791 847 3828; x_wconf 88' lang='lat' dir='ltr'>secus</span> <span class='ocrx_word' id='word_1_340' title='bbox 865 3777 995 3842; x_wconf 87' lang='lat' dir='ltr'>deeiueue,</span> <span class='ocrx_word' id='word_1_341' title='bbox 1010 3785 1037 3827; x_wconf 89' lang='lat' dir='ltr'>et</span> <span class='ocrx_word' id='word_1_342' title='bbox 1053 3779 1079 3827; x_wconf 93' lang='lat' dir='ltr'>iu</span> <span class='ocrx_word' id='word_1_343' title='bbox 1104 3779 1222 3842; x_wconf 80' lang='lat' dir='ltr'>prosimu</span> <span class='ocrx_word' id='word_1_344' title='bbox 1239 3779 1382 3844; x_wconf 77' lang='lat' dir='ltr'>iucipiens</span> 
     </span>
     <span class='ocr_line' id='line_1_38' title="bbox 310 3855 1386 3924; baseline 0.006 -20"><span class='ocrx_word' id='word_1_345' title='bbox 310 3857 389 3920; x_wconf 82' lang='lat' dir='ltr'>loqui,</span> <span class='ocrx_word' id='word_1_346' title='bbox 400 3869 451 3904; x_wconf 89' lang='lat' dir='ltr'>neu</span> <span class='ocrx_word' id='word_1_347' title='bbox 469 3855 624 3921; x_wconf 85' lang='lat' dir='ltr'>intelligitur</span> <span class='ocrx_word' id='word_1_348' title='bbox 643 3855 772 3920; x_wconf 77' lang='lat' dir='ltr'>ingresus:</span> <span class='ocrx_word' id='word_1_349' title='bbox 791 3855 859 3922; x_wconf 86' lang='lat' dir='ltr'>quod</span> <span class='ocrx_word' id='word_1_350' title='bbox 871 3857 954 3920; x_wconf 88' lang='lat' dir='ltr'>ipsum</span> <span class='ocrx_word' id='word_1_351' title='bbox 976 3857 1152 3920; x_wconf 83' lang='lat' dir='ltr'>experientes,</span> <span class='ocrx_word' id='word_1_352' title='bbox 1170 3857 1261 3907; x_wconf 81' lang='lat' dir='ltr'>sterius</span> <span class='ocrx_word' id='word_1_353' title='bbox 1280 3859 1386 3924; x_wconf 84' lang='lat' dir='ltr'>dijudi-</span> 
     </span>
    </p>
   </div>
   <div class='ocr_carea' id='block_1_6' title="bbox 277 4019 1297 4162">
    <p class='ocr_par' dir='ltr' id='par_1_6' title="bbox 277 4019 1297 4162">
     <span class='ocr_line' id='line_1_39' title="bbox 308 4019 1238 4086; baseline 0.009 -20"><span class='ocrx_word' id='word_1_354' title='bbox 308 4022 322 4066; x_wconf 89' lang='lat' dir='ltr'>l</span> <span class='ocrx_word' id='word_1_355' title='bbox 358 4019 490 4086; x_wconf 80' lang='lat' dir='ltr'>Excerpts</span> <span class='ocrx_word' id='word_1_356' title='bbox 513 4021 564 4072; x_wconf 83' lang='lat' dir='ltr'>Me.</span> <span class='ocrx_word' id='word_1_357' title='bbox 591 4023 621 4072; x_wconf 86' lang='lat' dir='ltr'>R.</span> <span class='ocrx_word' id='word_1_358' title='bbox 648 4021 802 4073; x_wconf 78' lang='lat' dir='ltr'>esliiiterss.</span> <span class='ocrx_word' id='word_1_359' title='bbox 874 4021 991 4072; x_wconf 68' lang='lat' dir='ltr'>tituil.</span> <span class='ocrx_word' id='word_1_360' title='bbox 1010 4022 1238 4074; x_wconf 79' lang='lat' dir='ltr'>Ai.erds&#39;nem‚1d.</span> 
     </span>
     <span class='ocr_line' id='line_1_40' title="bbox 277 4089 1297 4162; baseline 0.014 -24"><span class='ocrx_word' id='word_1_361' title='bbox 277 4089 353 4141; x_wconf 80' lang='lat' dir='ltr'>llud.</span> <span class='ocrx_word' id='word_1_362' title='bbox 875 4097 1297 4162; x_wconf 70' lang='lat' dir='ltr'>sAl.psin’eomstsetelrt.1d.</span> 
     </span>
    </p>
   </div>
   <div class='ocr_carea' id='block_1_7' title="bbox 0 0 1490 4900">
    <p class='ocr_par' dir='ltr' id='par_1_7' title="bbox 0 0 1490 4900">
     <span class='ocr_line' id='line_1_41' title="bbox 0 0 1490 4900; baseline 0 2"><span class='ocrx_word' id='word_1_363' title='bbox 0 0 1490 4900; x_wconf 95' lang='lat' dir='ltr'> </span> 
     </span>
    </p>
   </div>
  </div>
 </body>
</html>
