<?xml version="1.0" encoding="UTF-8"?>
<!DOCTYPE html PUBLIC "-//W3C//DTD XHTML 1.0 Transitional//EN"
    "http://www.w3.org/TR/xhtml1/DTD/xhtml1-transitional.dtd">
<html xmlns="http://www.w3.org/1999/xhtml" xml:lang="en" lang="en">
 <head>
  <title>
</title>
<meta http-equiv="Content-Type" content="text/html;charset=utf-8" />
  <meta name='ocr-system' content='tesseract 3.04.00' />
  <meta name='ocr-capabilities' content='ocr_page ocr_carea ocr_par ocr_line ocrx_word'/>
</head>
<body>
  <div class='ocr_page' id='page_1' title='image "./comoedisex05westgoog_0187.png"; bbox 0 0 2958 4892; ppageno 0'>
   <div class='ocr_carea' id='block_1_1' title="bbox 447 363 1214 436">
    <p class='ocr_par' dir='ltr' id='par_1_1' title="bbox 447 363 1214 436">
     <span class='ocr_line' id='line_1_1' title="bbox 447 363 1214 436; baseline 0.003 -6"><span class='ocrx_word' id='word_1_1' title='bbox 447 377 498 430; x_wconf 86' lang='lat' dir='ltr'>ns</span> <span class='ocrx_word' id='word_1_2' title='bbox 519 365 671 431; x_wconf 71' lang='lat' dir='ltr'>consors</span> <span class='ocrx_word' id='word_1_3' title='bbox 696 375 893 436; x_wconf 65' lang='lat' dir='ltr'>smarnos·</span> <span class='ocrx_word' id='word_1_4' title='bbox 1145 363 1214 432; x_wconf 65' lang='lat' dir='ltr'>lt!</span> 
     </span>
    </p>
   </div>
   <div class='ocr_carea' id='block_1_2' title="bbox 120 517 1215 693">
    <p class='ocr_par' dir='ltr' id='par_1_2' title="bbox 120 517 1215 693">
     <span class='ocr_line' id='line_1_2' title="bbox 120 517 1215 597; baseline 0 -17"><span class='ocrx_word' id='word_1_5' title='bbox 120 524 231 594; x_wconf 54' lang='lat' dir='ltr'>edictus!</span> <span class='ocrx_word' id='word_1_6' title='bbox 244 517 392 581; x_wconf 72' lang='lat' dir='ltr'>nominari</span> <span class='ocrx_word' id='word_1_7' title='bbox 405 527 539 597; x_wconf 71' lang='lat' dir='ltr'>oportere</span> <span class='ocrx_word' id='word_1_8' title='bbox 553 529 676 596; x_wconf 61' lang='lat' dir='ltr'>negant,</span> <span class='ocrx_word' id='word_1_9' title='bbox 700 517 755 578; x_wconf 83' lang='lat' dir='ltr'>sed</span> <span class='ocrx_word' id='word_1_10' title='bbox 769 521 919 594; x_wconf 71' lang='grc' dir='ltr'>κατάληξιν</span> <span class='ocrx_word' id='word_1_11' title='bbox 933 521 973 578; x_wconf 86' lang='lat' dir='ltr'>sls</span> <span class='ocrx_word' id='word_1_12' title='bbox 987 517 1149 594; x_wconf 70' lang='grc' dir='ltr'>ωλλαβὴν,</span> <span class='ocrx_word' id='word_1_13' title='bbox 1163 529 1215 580; x_wconf 77' lang='lat' dir='ltr'>sut</span> 
     </span>
     <span class='ocr_line' id='line_1_3' title="bbox 123 611 1214 693; baseline 0.002 -19"><span class='ocrx_word' id='word_1_14' title='bbox 123 620 159 676; x_wconf 82' lang='lat' dir='ltr'>elr</span> <span class='ocrx_word' id='word_1_15' title='bbox 170 613 228 674; x_wconf 75' lang='lat' dir='ltr'>iio.</span> <span class='ocrx_word' id='word_1_16' title='bbox 273 615 319 679; x_wconf 82' lang='lat' dir='ltr'>Ex</span> <span class='ocrx_word' id='word_1_17' title='bbox 333 613 440 674; x_wconf 82' lang='lat' dir='ltr'>Plauto</span> <span class='ocrx_word' id='word_1_18' title='bbox 462 613 631 674; x_wconf 70' lang='lat' dir='ltr'>Priscianus</span> <span class='ocrx_word' id='word_1_19' title='bbox 654 611 782 693; x_wconf 61' lang='grc' dir='ltr'>δίμοιρον</span> <span class='ocrx_word' id='word_1_20' title='bbox 804 611 960 684; x_wconf 82' lang='lat' dir='ltr'>iambicum</span> <span class='ocrx_word' id='word_1_21' title='bbox 981 614 1214 692; x_wconf 65' lang='lat' dir='ltr'>iremrniqrrs·</span> 
     </span>
    </p>
   </div>
   <div class='ocr_carea' id='block_1_3' title="bbox 123 708 782 914">
    <p class='ocr_par' dir='ltr' id='par_1_3' title="bbox 123 708 782 914">
     <span class='ocr_line' id='line_1_4' title="bbox 123 708 467 772; baseline -0.006 -4"><span class='ocrx_word' id='word_1_22' title='bbox 123 713 167 772; x_wconf 80' lang='lat' dir='ltr'>ris</span> <span class='ocrx_word' id='word_1_23' title='bbox 179 730 246 772; x_wconf 86' lang='lat' dir='ltr'>esse</span> <span class='ocrx_word' id='word_1_24' title='bbox 257 709 339 770; x_wconf 90' lang='lat' dir='ltr'>hunc</span> <span class='ocrx_word' id='word_1_25' title='bbox 354 708 447 768; x_wconf 78' lang='lat' dir='ltr'>soluit</span> <span class='ocrx_word' id='word_1_26' title='bbox 458 727 467 766; x_wconf 79' lang='lat' dir='ltr'>r</span> 
     </span>
     <span class='ocr_line' id='line_1_5' title="bbox 318 830 782 914; baseline -0.004 -20"><span class='ocrx_word' id='word_1_27' title='bbox 318 832 454 914; x_wconf 74' lang='lat' dir='ltr'>Hospitio</span> <span class='ocrx_word' id='word_1_28' title='bbox 467 831 628 912; x_wconf 71' lang='lat' dir='ltr'>publicitus</span> <span class='ocrx_word' id='word_1_29' title='bbox 643 830 782 912; x_wconf 82' lang='lat' dir='ltr'>accipiar.</span> 
     </span>
    </p>
   </div>
   <div class='ocr_carea' id='block_1_4' title="bbox 120 974 1215 2294">
    <p class='ocr_par' dir='ltr' id='par_1_4' title="bbox 125 974 1212 1132">
     <span class='ocr_line' id='line_1_6' title="bbox 125 974 1212 1057; baseline -0.002 -17"><span class='ocrx_word' id='word_1_30' title='bbox 125 979 165 1040; x_wconf 85' lang='lat' dir='ltr'>De</span> <span class='ocrx_word' id='word_1_31' title='bbox 178 998 237 1057; x_wconf 88' lang='lat' dir='ltr'>quo</span> <span class='ocrx_word' id='word_1_32' title='bbox 260 997 318 1038; x_wconf 89' lang='lat' dir='ltr'>nos</span> <span class='ocrx_word' id='word_1_33' title='bbox 343 976 489 1049; x_wconf 87' lang='lat' dir='ltr'>dubitare,</span> <span class='ocrx_word' id='word_1_34' title='bbox 514 991 611 1056; x_wconf 85' lang='lat' dir='ltr'>neque</span> <span class='ocrx_word' id='word_1_35' title='bbox 636 975 714 1036; x_wconf 78' lang='lat' dir='ltr'>hanc</span> <span class='ocrx_word' id='word_1_36' title='bbox 737 974 955 1038; x_wconf 74' lang='lat' dir='ltr'>distinctionem</span> <span class='ocrx_word' id='word_1_37' title='bbox 978 995 1122 1049; x_wconf 79' lang='lat' dir='ltr'>servasse,</span> <span class='ocrx_word' id='word_1_38' title='bbox 1144 987 1212 1038; x_wconf 84' lang='lat' dir='ltr'>ante</span> 
     </span>
     <span class='ocr_line' id='line_1_7' title="bbox 125 1073 325 1132; baseline 0 -2"><span class='ocrx_word' id='word_1_39' title='bbox 125 1073 325 1132; x_wconf 80' lang='lat' dir='ltr'>indicavimus.</span> 
     </span>
    </p>

    <p class='ocr_par' dir='ltr' id='par_1_5' title="bbox 120 1165 1215 1818">
     <span class='ocr_line' id='line_1_8' title="bbox 159 1165 1215 1250; baseline 0.007 -23"><span class='ocrx_word' id='word_1_40' title='bbox 159 1167 450 1250; x_wconf 74' lang='grc' dir='ltr'><strong>Βραχνκατοληκτικὸε</strong></span> <span class='ocrx_word' id='word_1_41' title='bbox 465 1165 664 1240; x_wconf 60' lang='lat' dir='ltr'>diciturenim</span> <span class='ocrx_word' id='word_1_42' title='bbox 679 1176 742 1227; x_wconf 92' lang='lat' dir='ltr'>toto</span> <span class='ocrx_word' id='word_1_43' title='bbox 766 1165 842 1246; x_wconf 90' lang='lat' dir='ltr'>pede</span> <span class='ocrx_word' id='word_1_44' title='bbox 857 1165 991 1228; x_wconf 82' lang='lat' dir='ltr'>deficitur</span> <span class='ocrx_word' id='word_1_45' title='bbox 1013 1187 1115 1230; x_wconf 87' lang='lat' dir='ltr'>sersus</span> <span class='ocrx_word' id='word_1_46' title='bbox 1137 1171 1215 1234; x_wconf 89' lang='lat' dir='ltr'>inte·</span> 
     </span>
     <span class='ocr_line' id='line_1_9' title="bbox 125 1261 1213 1344; baseline 0.005 -22"><span class='ocrx_word' id='word_1_47' title='bbox 125 1265 220 1342; x_wconf 76' lang='lat' dir='ltr'>gritas.</span> <span class='ocrx_word' id='word_1_48' title='bbox 275 1263 317 1323; x_wconf 92' lang='lat' dir='ltr'>Ut</span> <span class='ocrx_word' id='word_1_49' title='bbox 339 1265 365 1324; x_wconf 88' lang='lat' dir='ltr'>si</span> <span class='ocrx_word' id='word_1_50' title='bbox 386 1267 555 1342; x_wconf 77' lang='lat' dir='ltr'>posdperpor</span> <span class='ocrx_word' id='word_1_51' title='bbox 578 1265 626 1335; x_wconf 90' lang='lat' dir='ltr'>sit,</span> <span class='ocrx_word' id='word_1_52' title='bbox 650 1263 746 1324; x_wconf 86' lang='lat' dir='ltr'>‘eheu</span> <span class='ocrx_word' id='word_1_53' title='bbox 769 1263 863 1337; x_wconf 65' lang='lat' dir='ltr'>mihi:</span> <span class='ocrx_word' id='word_1_54' title='bbox 885 1261 1127 1344; x_wconf 75' lang='grc' dir='ltr'>βραχνκατᾶληξιε</span> <span class='ocrx_word' id='word_1_55' title='bbox 1150 1269 1213 1340; x_wconf 87' lang='lat' dir='ltr'>erit,</span> 
     </span>
     <span class='ocr_line' id='line_1_10' title="bbox 124 1356 1213 1436; baseline 0.001 -17"><span class='ocrx_word' id='word_1_56' title='bbox 124 1359 234 1422; x_wconf 80' lang='lat' dir='ltr'>‘ehem&#39;</span> <span class='ocrx_word' id='word_1_57' title='bbox 265 1359 435 1420; x_wconf 81' lang='lat' dir='ltr'>Priscianus</span> <span class='ocrx_word' id='word_1_58' title='bbox 447 1356 574 1436; x_wconf 75' lang='lat' dir='ltr'>ilperpor</span> <span class='ocrx_word' id='word_1_59' title='bbox 588 1357 668 1418; x_wconf 89' lang='lat' dir='ltr'>hunc</span> <span class='ocrx_word' id='word_1_60' title='bbox 679 1357 799 1416; x_wconf 88' lang='lat' dir='ltr'>retulit:</span> <span class='ocrx_word' id='word_1_61' title='bbox 821 1357 880 1416; x_wconf 81' lang='lat' dir='ltr'>‘ito</span> <span class='ocrx_word' id='word_1_62' title='bbox 888 1375 1009 1436; x_wconf 84' lang='lat' dir='ltr'>peregre</span> <span class='ocrx_word' id='word_1_63' title='bbox 1023 1357 1182 1422; x_wconf 75' lang='lat' dir='ltr'>adveniens</span> <span class='ocrx_word' id='word_1_64' title='bbox 1195 1363 1213 1420; x_wconf 76' lang='grc' dir='ltr'>ε’</span> 
     </span>
     <span class='ocr_line' id='line_1_11' title="bbox 123 1452 1212 1534; baseline 0.002 -22"><span class='ocrx_word' id='word_1_65' title='bbox 123 1453 156 1514; x_wconf 91' lang='lat' dir='ltr'>de</span> <span class='ocrx_word' id='word_1_66' title='bbox 165 1475 227 1534; x_wconf 69' lang='lat' dir='ltr'>quo</span> <span class='ocrx_word' id='word_1_67' title='bbox 242 1475 344 1533; x_wconf 88' lang='lat' dir='ltr'>supra.</span> <span class='ocrx_word' id='word_1_68' title='bbox 385 1453 495 1532; x_wconf 87' lang='lat' dir='ltr'>Etjam</span> <span class='ocrx_word' id='word_1_69' title='bbox 510 1453 582 1512; x_wconf 84' lang='lat' dir='ltr'>lessi</span> <span class='ocrx_word' id='word_1_70' title='bbox 604 1471 716 1524; x_wconf 86' lang='lat' dir='ltr'>sumus,</span> <span class='ocrx_word' id='word_1_71' title='bbox 737 1452 803 1510; x_wconf 77' lang='lat' dir='ltr'>hmo</span> <span class='ocrx_word' id='word_1_72' title='bbox 826 1471 922 1532; x_wconf 89' lang='lat' dir='ltr'>neque</span> <span class='ocrx_word' id='word_1_73' title='bbox 935 1455 1092 1526; x_wconf 79' lang='lat' dir='ltr'>observari,</span> <span class='ocrx_word' id='word_1_74' title='bbox 1116 1474 1212 1534; x_wconf 86' lang='lat' dir='ltr'>neque</span> 
     </span>
     <span class='ocr_line' id='line_1_12' title="bbox 123 1545 1211 1628; baseline 0.004 -20"><span class='ocrx_word' id='word_1_75' title='bbox 123 1550 227 1628; x_wconf 85' lang='lat' dir='ltr'>exquiri</span> <span class='ocrx_word' id='word_1_76' title='bbox 241 1550 377 1628; x_wconf 88' lang='lat' dir='ltr'>potuisse</span> <span class='ocrx_word' id='word_1_77' title='bbox 391 1568 409 1608; x_wconf 92' lang='lat' dir='ltr'>a</span> <span class='ocrx_word' id='word_1_78' title='bbox 423 1548 521 1620; x_wconf 88' lang='lat' dir='ltr'>nobis,</span> <span class='ocrx_word' id='word_1_79' title='bbox 534 1557 565 1606; x_wconf 87' lang='lat' dir='ltr'>et</span> <span class='ocrx_word' id='word_1_80' title='bbox 578 1545 659 1606; x_wconf 82' lang='lat' dir='ltr'>houd</span> <span class='ocrx_word' id='word_1_81' title='bbox 675 1546 736 1608; x_wconf 87' lang='lat' dir='ltr'>seio</span> <span class='ocrx_word' id='word_1_82' title='bbox 751 1566 790 1606; x_wconf 84' lang='lat' dir='ltr'>an</span> <span class='ocrx_word' id='word_1_83' title='bbox 804 1567 822 1608; x_wconf 89' lang='lat' dir='ltr'>a</span> <span class='ocrx_word' id='word_1_84' title='bbox 839 1548 921 1608; x_wconf 90' lang='lat' dir='ltr'>nullo</span> <span class='ocrx_word' id='word_1_85' title='bbox 944 1548 1062 1628; x_wconf 83' lang='lat' dir='ltr'>possint</span> <span class='ocrx_word' id='word_1_86' title='bbox 1083 1550 1211 1612; x_wconf 88' lang='lat' dir='ltr'>omniurn</span> 
     </span>
     <span class='ocr_line' id='line_1_13' title="bbox 122 1641 1210 1722; baseline 0.001 -19"><span class='ocrx_word' id='word_1_87' title='bbox 122 1645 168 1722; x_wconf 91' lang='lat' dir='ltr'>qui</span> <span class='ocrx_word' id='word_1_88' title='bbox 181 1663 259 1706; x_wconf 90' lang='lat' dir='ltr'>nunc</span> <span class='ocrx_word' id='word_1_89' title='bbox 274 1645 387 1718; x_wconf 81' lang='lat' dir='ltr'>vivunt,</span> <span class='ocrx_word' id='word_1_90' title='bbox 409 1645 440 1702; x_wconf 89' lang='lat' dir='ltr'>in</span> <span class='ocrx_word' id='word_1_91' title='bbox 465 1652 526 1702; x_wconf 85' lang='lat' dir='ltr'>tam</span> <span class='ocrx_word' id='word_1_92' title='bbox 545 1641 626 1700; x_wconf 90' lang='lat' dir='ltr'>tenui</span> <span class='ocrx_word' id='word_1_93' title='bbox 650 1641 775 1702; x_wconf 81' lang='lat' dir='ltr'>scientia</span> <span class='ocrx_word' id='word_1_94' title='bbox 788 1644 915 1704; x_wconf 90' lang='lat' dir='ltr'>musices</span> <span class='ocrx_word' id='word_1_95' title='bbox 934 1643 1074 1722; x_wconf 77' lang='lat' dir='ltr'>antiquie,</span> <span class='ocrx_word' id='word_1_96' title='bbox 1100 1653 1130 1704; x_wconf 88' lang='lat' dir='ltr'>et</span> <span class='ocrx_word' id='word_1_97' title='bbox 1154 1644 1210 1704; x_wconf 88' lang='lat' dir='ltr'>hac</span> 
     </span>
     <span class='ocr_line' id='line_1_14' title="bbox 120 1737 550 1818; baseline -0.005 -22"><span class='ocrx_word' id='word_1_98' title='bbox 120 1737 324 1817; x_wconf 77' lang='lat' dir='ltr'>depravatione</span> <span class='ocrx_word' id='word_1_99' title='bbox 339 1739 550 1818; x_wconf 87' lang='lat' dir='ltr'>exemplorum.</span> 
     </span>
    </p>

    <p class='ocr_par' dir='ltr' id='par_1_6' title="bbox 120 1831 1211 2294">
     <span class='ocr_line' id='line_1_15' title="bbox 158 1831 1211 1912; baseline 0 -18"><span class='ocrx_word' id='word_1_100' title='bbox 158 1833 317 1894; x_wconf 83' lang='lat' dir='ltr'>Sciendum</span> <span class='ocrx_word' id='word_1_101' title='bbox 343 1843 453 1906; x_wconf 87' lang='lat' dir='ltr'>antem,</span> <span class='ocrx_word' id='word_1_102' title='bbox 481 1831 621 1891; x_wconf 87' lang='lat' dir='ltr'>Comicos</span> <span class='ocrx_word' id='word_1_103' title='bbox 642 1831 771 1894; x_wconf 76' lang='lat' dir='ltr'>‚Lndnos</span> <span class='ocrx_word' id='word_1_104' title='bbox 799 1831 942 1912; x_wconf 81' lang='lat' dir='ltr'>Prologus</span> <span class='ocrx_word' id='word_1_105' title='bbox 967 1841 998 1894; x_wconf 94' lang='lat' dir='ltr'>et</span> <span class='ocrx_word' id='word_1_106' title='bbox 1022 1832 1131 1912; x_wconf 84' lang='lat' dir='ltr'>primns</span> <span class='ocrx_word' id='word_1_107' title='bbox 1151 1833 1211 1894; x_wconf 84' lang='lat' dir='ltr'>sere</span> 
     </span>
     <span class='ocr_line' id='line_1_16' title="bbox 121 1927 1209 2008; baseline 0.002 -20"><span class='ocrx_word' id='word_1_108' title='bbox 121 1947 219 1988; x_wconf 87' lang='lat' dir='ltr'>scenas</span> <span class='ocrx_word' id='word_1_109' title='bbox 234 1930 418 2008; x_wconf 88' lang='lat' dir='ltr'>pertexnisse</span> <span class='ocrx_word' id='word_1_110' title='bbox 433 1928 556 1988; x_wconf 85' lang='lat' dir='ltr'>senariis</span> <span class='ocrx_word' id='word_1_111' title='bbox 571 1927 713 1999; x_wconf 74' lang='lat' dir='ltr'>iambicis,</span> <span class='ocrx_word' id='word_1_112' title='bbox 727 1929 777 2006; x_wconf 89' lang='lat' dir='ltr'>qui</span> <span class='ocrx_word' id='word_1_113' title='bbox 789 1939 859 1987; x_wconf 88' lang='lat' dir='ltr'>sunt</span> <span class='ocrx_word' id='word_1_114' title='bbox 869 1935 1004 2008; x_wconf 76' lang='lat' dir='ltr'>rpiperpor</span> <span class='ocrx_word' id='word_1_115' title='bbox 1014 1931 1209 2002; x_wconf 70' lang='lat' dir='ltr'>drordlnsros.</span> 
     </span>
     <span class='ocr_line' id='line_1_17' title="bbox 122 2021 1209 2104; baseline 0.006 -24"><span class='ocrx_word' id='word_1_116' title='bbox 122 2021 239 2084; x_wconf 86' lang='lat' dir='ltr'>Plautus</span> <span class='ocrx_word' id='word_1_117' title='bbox 253 2035 352 2083; x_wconf 87' lang='lat' dir='ltr'>tamen</span> <span class='ocrx_word' id='word_1_118' title='bbox 367 2035 397 2082; x_wconf 86' lang='lat' dir='ltr'>et</span> <span class='ocrx_word' id='word_1_119' title='bbox 411 2025 440 2083; x_wconf 91' lang='lat' dir='ltr'>in</span> <span class='ocrx_word' id='word_1_120' title='bbox 465 2021 679 2102; x_wconf 78' lang='lat' dir='ltr'>Amphitryone</span> <span class='ocrx_word' id='word_1_121' title='bbox 699 2023 823 2093; x_wconf 72' lang='lat' dir='ltr'>stilibi,</span> <span class='ocrx_word' id='word_1_122' title='bbox 837 2023 867 2082; x_wconf 92' lang='lat' dir='ltr'>in</span> <span class='ocrx_word' id='word_1_123' title='bbox 887 2024 986 2104; x_wconf 89' lang='lat' dir='ltr'>primis</span> <span class='ocrx_word' id='word_1_124' title='bbox 1000 2025 1098 2084; x_wconf 87' lang='lat' dir='ltr'>statim</span> <span class='ocrx_word' id='word_1_125' title='bbox 1113 2027 1209 2088; x_wconf 88' lang='lat' dir='ltr'>scenis</span> 
     </span>
     <span class='ocr_line' id='line_1_18' title="bbox 121 2117 1210 2200; baseline 0.006 -25"><span class='ocrx_word' id='word_1_126' title='bbox 121 2137 252 2178; x_wconf 89' lang='lat' dir='ltr'>numeros</span> <span class='ocrx_word' id='word_1_127' title='bbox 266 2119 402 2178; x_wconf 85' lang='lat' dir='ltr'>mutavit.</span> <span class='ocrx_word' id='word_1_128' title='bbox 443 2119 470 2178; x_wconf 86' lang='grc' dir='ltr'>Α</span> <span class='ocrx_word' id='word_1_129' title='bbox 484 2117 620 2176; x_wconf 88' lang='lat' dir='ltr'>trimetris</span> <span class='ocrx_word' id='word_1_130' title='bbox 632 2127 731 2176; x_wconf 88' lang='lat' dir='ltr'>antem</span> <span class='ocrx_word' id='word_1_131' title='bbox 745 2117 784 2177; x_wconf 83' lang='lat' dir='ltr'>ed</span> <span class='ocrx_word' id='word_1_132' title='bbox 798 2117 944 2197; x_wconf 82' lang='lat' dir='ltr'>longiores</span> <span class='ocrx_word' id='word_1_133' title='bbox 960 2130 1162 2200; x_wconf 85' lang='lat' dir='ltr'>pervenerunt,</span> <span class='ocrx_word' id='word_1_134' title='bbox 1176 2132 1210 2182; x_wconf 89' lang='lat' dir='ltr'>ut</span> 
     </span>
     <span class='ocr_line' id='line_1_19' title="bbox 120 2219 331 2294; baseline -0.009 -20"><span class='ocrx_word' id='word_1_135' title='bbox 120 2219 331 2294; x_wconf 73' lang='lat' dir='ltr'>rsrpopkrpoos:</span> 
     </span>
    </p>
   </div>
   <div class='ocr_carea' id='block_1_5' title="bbox 236 2339 1134 2599">
    <p class='ocr_par' dir='ltr' id='par_1_7' title="bbox 236 2339 1134 2599">
     <span class='ocr_line' id='line_1_20' title="bbox 236 2339 1029 2421; baseline 0.008 -23"><span class='ocrx_word' id='word_1_136' title='bbox 236 2339 369 2400; x_wconf 83' lang='lat' dir='ltr'>Mirnbor</span> <span class='ocrx_word' id='word_1_137' title='bbox 382 2339 440 2400; x_wconf 91' lang='lat' dir='ltr'>hoc</span> <span class='ocrx_word' id='word_1_138' title='bbox 454 2340 479 2398; x_wconf 92' lang='lat' dir='ltr'>si</span> <span class='ocrx_word' id='word_1_139' title='bbox 492 2342 534 2400; x_wconf 91' lang='lat' dir='ltr'>sic</span> <span class='ocrx_word' id='word_1_140' title='bbox 549 2341 652 2414; x_wconf 88' lang='lat' dir='ltr'>abiret,</span> <span class='ocrx_word' id='word_1_141' title='bbox 666 2341 771 2402; x_wconf 88' lang='lat' dir='ltr'>etheri</span> <span class='ocrx_word' id='word_1_142' title='bbox 785 2361 899 2421; x_wconf 84' lang='lat' dir='ltr'>semper</span> <span class='ocrx_word' id='word_1_143' title='bbox 912 2343 1029 2408; x_wconf 85' lang='lat' dir='ltr'>lenitas.</span> 
     </span>
     <span class='ocr_line' id='line_1_21' title="bbox 236 2433 1108 2516; baseline 0.005 -23"><span class='ocrx_word' id='word_1_144' title='bbox 236 2435 283 2493; x_wconf 85' lang='lat' dir='ltr'>Ne</span> <span class='ocrx_word' id='word_1_145' title='bbox 296 2436 370 2494; x_wconf 84' lang='lat' dir='ltr'>lorte</span> <span class='ocrx_word' id='word_1_146' title='bbox 385 2433 556 2514; x_wconf 88' lang='lat' dir='ltr'>imprudens</span> <span class='ocrx_word' id='word_1_147' title='bbox 568 2437 674 2496; x_wconf 79' lang='lat' dir='ltr'>inciam</span> <span class='ocrx_word' id='word_1_148' title='bbox 688 2436 767 2516; x_wconf 92' lang='lat' dir='ltr'>quod</span> <span class='ocrx_word' id='word_1_149' title='bbox 778 2437 863 2511; x_wconf 86' lang='lat' dir='ltr'>nolit,</span> <span class='ocrx_word' id='word_1_150' title='bbox 877 2439 973 2500; x_wconf 90' lang='lat' dir='ltr'>sciens</span> <span class='ocrx_word' id='word_1_151' title='bbox 987 2439 1108 2502; x_wconf 81' lang='lat' dir='ltr'>carebo.</span> 
     </span>
     <span class='ocr_line' id='line_1_22' title="bbox 237 2527 1134 2599; baseline 0.004 -10"><span class='ocrx_word' id='word_1_152' title='bbox 237 2528 341 2599; x_wconf 81' lang='lat' dir='ltr'>Quidl</span> <span class='ocrx_word' id='word_1_153' title='bbox 361 2527 503 2592; x_wconf 80' lang='lat' dir='ltr'>credebas</span> <span class='ocrx_word' id='word_1_154' title='bbox 517 2531 673 2592; x_wconf 88' lang='lat' dir='ltr'>dormienti</span> <span class='ocrx_word' id='word_1_155' title='bbox 684 2532 750 2593; x_wconf 88' lang='lat' dir='ltr'>hsec</span> <span class='ocrx_word' id='word_1_156' title='bbox 764 2534 816 2594; x_wconf 92' lang='lat' dir='ltr'>tibi</span> <span class='ocrx_word' id='word_1_157' title='bbox 829 2534 1014 2596; x_wconf 84' lang='lat' dir='ltr'>confecturos</span> <span class='ocrx_word' id='word_1_158' title='bbox 1030 2535 1134 2599; x_wconf 80' lang='lat' dir='ltr'>Deosl</span> 
     </span>
    </p>
   </div>
   <div class='ocr_carea' id='block_1_6' title="bbox 118 2659 1210 3223">
    <p class='ocr_par' dir='ltr' id='par_1_8' title="bbox 118 2659 1210 3223">
     <span class='ocr_line' id='line_1_23' title="bbox 122 2659 1210 2742; baseline 0.004 -24"><span class='ocrx_word' id='word_1_159' title='bbox 122 2659 184 2722; x_wconf 83' lang='lat' dir='ltr'>Nec</span> <span class='ocrx_word' id='word_1_160' title='bbox 197 2679 259 2720; x_wconf 91' lang='lat' dir='ltr'>non</span> <span class='ocrx_word' id='word_1_161' title='bbox 276 2659 441 2722; x_wconf 85' lang='lat' dir='ltr'>concidisse</span> <span class='ocrx_word' id='word_1_162' title='bbox 456 2661 638 2740; x_wconf 84' lang='lat' dir='ltr'>reperiuntur</span> <span class='ocrx_word' id='word_1_163' title='bbox 651 2679 763 2734; x_wconf 80' lang='lat' dir='ltr'>sersus,</span> <span class='ocrx_word' id='word_1_164' title='bbox 781 2672 815 2722; x_wconf 87' lang='lat' dir='ltr'>ut</span> <span class='ocrx_word' id='word_1_165' title='bbox 836 2663 1014 2742; x_wconf 88' lang='lat' dir='ltr'>subjicerent</span> <span class='ocrx_word' id='word_1_166' title='bbox 1034 2661 1131 2740; x_wconf 79' lang='lat' dir='ltr'>longis</span> <span class='ocrx_word' id='word_1_167' title='bbox 1145 2663 1210 2724; x_wconf 91' lang='lat' dir='ltr'>bre·</span> 
     </span>
     <span class='ocr_line' id='line_1_24' title="bbox 120 2753 1210 2842; baseline 0.002 -28"><span class='ocrx_word' id='word_1_168' title='bbox 120 2756 222 2817; x_wconf 85' lang='lat' dir='ltr'>riores.</span> <span class='ocrx_word' id='word_1_169' title='bbox 265 2753 332 2814; x_wconf 90' lang='lat' dir='ltr'>Nec</span> <span class='ocrx_word' id='word_1_170' title='bbox 346 2775 406 2815; x_wconf 90' lang='lat' dir='ltr'>non</span> <span class='ocrx_word' id='word_1_171' title='bbox 420 2755 590 2842; x_wconf 83' lang='lat' dir='ltr'>confudisse</span> <span class='ocrx_word' id='word_1_172' title='bbox 607 2777 755 2830; x_wconf 87' lang='lat' dir='ltr'>numeros,</span> <span class='ocrx_word' id='word_1_173' title='bbox 777 2768 811 2816; x_wconf 92' lang='lat' dir='ltr'>ut</span> <span class='ocrx_word' id='word_1_174' title='bbox 823 2758 1015 2818; x_wconf 85' lang='lat' dir='ltr'>miscerentur</span> <span class='ocrx_word' id='word_1_175' title='bbox 1038 2755 1159 2818; x_wconf 79' lang='lat' dir='ltr'>trochoei</span> <span class='ocrx_word' id='word_1_176' title='bbox 1179 2769 1210 2816; x_wconf 88' lang='lat' dir='ltr'>et</span> 
     </span>
     <span class='ocr_line' id='line_1_25' title="bbox 118 2850 1208 2931; baseline 0.004 -23"><span class='ocrx_word' id='word_1_177' title='bbox 118 2851 222 2910; x_wconf 78' lang='lat' dir='ltr'>ismbir</span> <span class='ocrx_word' id='word_1_178' title='bbox 244 2850 282 2910; x_wconf 90' lang='lat' dir='ltr'>de</span> <span class='ocrx_word' id='word_1_179' title='bbox 296 2851 402 2930; x_wconf 91' lang='lat' dir='ltr'>quibus</span> <span class='ocrx_word' id='word_1_180' title='bbox 411 2851 473 2930; x_wconf 90' lang='lat' dir='ltr'>jam</span> <span class='ocrx_word' id='word_1_181' title='bbox 488 2853 562 2912; x_wconf 90' lang='lat' dir='ltr'>satis</span> <span class='ocrx_word' id='word_1_182' title='bbox 578 2852 699 2912; x_wconf 88' lang='lat' dir='ltr'>dictum.</span> <span class='ocrx_word' id='word_1_183' title='bbox 743 2852 809 2914; x_wconf 85' lang='lat' dir='ltr'>Hoc</span> <span class='ocrx_word' id='word_1_184' title='bbox 827 2861 925 2912; x_wconf 83' lang='lat' dir='ltr'>antem</span> <span class='ocrx_word' id='word_1_185' title='bbox 947 2852 1065 2912; x_wconf 86' lang='lat' dir='ltr'>silentio</span> <span class='ocrx_word' id='word_1_186' title='bbox 1088 2863 1208 2931; x_wconf 78' lang='lat' dir='ltr'>prater-</span> 
     </span>
     <span class='ocr_line' id='line_1_26' title="bbox 120 2945 1210 3027; baseline 0.004 -23"><span class='ocrx_word' id='word_1_187' title='bbox 120 2945 245 3006; x_wconf 85' lang='lat' dir='ltr'>eundum</span> <span class='ocrx_word' id='word_1_188' title='bbox 257 2965 316 3006; x_wconf 93' lang='lat' dir='ltr'>non</span> <span class='ocrx_word' id='word_1_189' title='bbox 332 2957 387 3018; x_wconf 87' lang='lat' dir='ltr'>est,</span> <span class='ocrx_word' id='word_1_190' title='bbox 398 2946 428 3004; x_wconf 86' lang='lat' dir='ltr'>in</span> <span class='ocrx_word' id='word_1_191' title='bbox 440 2947 566 3008; x_wconf 83' lang='lat' dir='ltr'>iambico</span> <span class='ocrx_word' id='word_1_192' title='bbox 580 2957 609 3007; x_wconf 90' lang='lat' dir='ltr'>et</span> <span class='ocrx_word' id='word_1_193' title='bbox 617 2945 766 3008; x_wconf 87' lang='lat' dir='ltr'>trochaico</span> <span class='ocrx_word' id='word_1_194' title='bbox 780 2947 918 3006; x_wconf 89' lang='lat' dir='ltr'>creticum</span> <span class='ocrx_word' id='word_1_195' title='bbox 930 2965 990 3006; x_wconf 91' lang='lat' dir='ltr'>non</span> <span class='ocrx_word' id='word_1_196' title='bbox 1000 2967 1066 3007; x_wconf 87' lang='lat' dir='ltr'>esse</span> <span class='ocrx_word' id='word_1_197' title='bbox 1079 2965 1087 3006; x_wconf 77' lang='grc' dir='ltr'>ι</span> <span class='ocrx_word' id='word_1_198' title='bbox 1107 2967 1210 3027; x_wconf 84' lang='lat' dir='ltr'>quam·</span> 
     </span>
     <span class='ocr_line' id='line_1_27' title="bbox 119 3039 1209 3120; baseline 0.005 -21"><span class='ocrx_word' id='word_1_199' title='bbox 119 3043 160 3100; x_wconf 81' lang='lat' dir='ltr'>ris</span> <span class='ocrx_word' id='word_1_200' title='bbox 174 3043 212 3102; x_wconf 89' lang='lat' dir='ltr'>de</span> <span class='ocrx_word' id='word_1_201' title='bbox 229 3041 407 3101; x_wconf 83' lang='lat' dir='ltr'>Archilochii</span> <span class='ocrx_word' id='word_1_202' title='bbox 422 3042 562 3104; x_wconf 87' lang='lat' dir='ltr'>trochaici</span> <span class='ocrx_word' id='word_1_203' title='bbox 582 3050 729 3102; x_wconf 83' lang='lat' dir='ltr'>structura</span> <span class='ocrx_word' id='word_1_204' title='bbox 741 3039 792 3102; x_wconf 89' lang='lat' dir='ltr'>ille</span> <span class='ocrx_word' id='word_1_205' title='bbox 813 3041 997 3120; x_wconf 80' lang='lat' dir='ltr'>proscipiens,</span> <span class='ocrx_word' id='word_1_206' title='bbox 1025 3043 1162 3116; x_wconf 77' lang='lat' dir='ltr'>nunnus,</span> <span class='ocrx_word' id='word_1_207' title='bbox 1175 3053 1209 3104; x_wconf 89' lang='lat' dir='ltr'>ut</span> 
     </span>
     <span class='ocr_line' id='line_1_28' title="bbox 120 3136 470 3223; baseline 0.009 -28"><span class='ocrx_word' id='word_1_208' title='bbox 120 3137 223 3212; x_wconf 82' lang='lat' dir='ltr'>lerunt,</span> <span class='ocrx_word' id='word_1_209' title='bbox 237 3136 294 3223; x_wconf 82' lang='lat' dir='ltr'>hoc</span> <span class='ocrx_word' id='word_1_210' title='bbox 305 3137 470 3217; x_wconf 84' lang='lat' dir='ltr'>scripserit:</span> 
     </span>
    </p>
   </div>
   <div class='ocr_carea' id='block_1_7' title="bbox 237 3255 900 3339">
    <p class='ocr_par' dir='ltr' id='par_1_9' title="bbox 237 3255 900 3339">
     <span class='ocr_line' id='line_1_29' title="bbox 237 3255 900 3339; baseline 0.006 -23"><span class='ocrx_word' id='word_1_211' title='bbox 237 3257 376 3318; x_wconf 85' lang='lat' dir='ltr'>Creticon</span> <span class='ocrx_word' id='word_1_212' title='bbox 391 3255 584 3318; x_wconf 83' lang='lat' dir='ltr'>Archilochus</span> <span class='ocrx_word' id='word_1_213' title='bbox 599 3277 688 3338; x_wconf 86' lang='lat' dir='ltr'>supre</span> <span class='ocrx_word' id='word_1_214' title='bbox 701 3267 791 3339; x_wconf 86' lang='lat' dir='ltr'>caput</span> <span class='ocrx_word' id='word_1_215' title='bbox 803 3259 900 3322; x_wconf 84' lang='lat' dir='ltr'>iambi.</span> 
     </span>
    </p>
   </div>
   <div class='ocr_carea' id='block_1_8' title="bbox 115 3385 1210 4326">
    <p class='ocr_par' dir='ltr' id='par_1_10' title="bbox 115 3385 1210 4326">
     <span class='ocr_line' id='line_1_30' title="bbox 122 3385 1209 3471; baseline 0.007 -28"><span class='ocrx_word' id='word_1_216' title='bbox 122 3385 195 3446; x_wconf 88' lang='lat' dir='ltr'>Nam</span> <span class='ocrx_word' id='word_1_217' title='bbox 209 3385 310 3447; x_wconf 88' lang='lat' dir='ltr'>cretici</span> <span class='ocrx_word' id='word_1_218' title='bbox 321 3387 407 3460; x_wconf 85' lang='lat' dir='ltr'>ratio,</span> <span class='ocrx_word' id='word_1_219' title='bbox 420 3387 472 3467; x_wconf 88' lang='lat' dir='ltr'>qui</span> <span class='ocrx_word' id='word_1_220' title='bbox 486 3397 543 3462; x_wconf 84' lang='lat' dir='ltr'>est,</span> <span class='ocrx_word' id='word_1_221' title='bbox 556 3397 590 3448; x_wconf 88' lang='lat' dir='ltr'>ut</span> <span class='ocrx_word' id='word_1_222' title='bbox 603 3387 742 3462; x_wconf 83' lang='lat' dir='ltr'>diximus,</span> <span class='ocrx_word' id='word_1_223' title='bbox 753 3391 938 3470; x_wconf 59' lang='lat' dir='ltr'>dppipurpsn</span> <span class='ocrx_word' id='word_1_224' title='bbox 951 3399 1113 3470; x_wconf 86' lang='lat' dir='ltr'>temporum</span> <span class='ocrx_word' id='word_1_225' title='bbox 1123 3392 1209 3471; x_wconf 91' lang='lat' dir='ltr'>quin·</span> 
     </span>
     <span class='ocr_line' id='line_1_31' title="bbox 119 3483 1207 3566; baseline 0.005 -25"><span class='ocrx_word' id='word_1_226' title='bbox 119 3501 185 3561; x_wconf 87' lang='lat' dir='ltr'>que,</span> <span class='ocrx_word' id='word_1_227' title='bbox 198 3483 308 3544; x_wconf 84' lang='lat' dir='ltr'>abhoc</span> <span class='ocrx_word' id='word_1_228' title='bbox 327 3503 434 3563; x_wconf 81' lang='lat' dir='ltr'>genere</span> <span class='ocrx_word' id='word_1_229' title='bbox 456 3497 502 3546; x_wconf 86' lang='lat' dir='ltr'>est</span> <span class='ocrx_word' id='word_1_230' title='bbox 521 3483 654 3548; x_wconf 83' lang='lat' dir='ltr'>alienior.</span> <span class='ocrx_word' id='word_1_231' title='bbox 672 3485 781 3566; x_wconf 84' lang='lat' dir='ltr'>ltaque</span> <span class='ocrx_word' id='word_1_232' title='bbox 794 3485 916 3566; x_wconf 76' lang='lat' dir='ltr'>quidun</span> <span class='ocrx_word' id='word_1_233' title='bbox 935 3485 1121 3548; x_wconf 81' lang='lat' dir='ltr'>inculcantes</span> <span class='ocrx_word' id='word_1_234' title='bbox 1135 3487 1207 3546; x_wconf 88' lang='lat' dir='ltr'>iam·</span> 
     </span>
     <span class='ocr_line' id='line_1_32' title="bbox 117 3577 1208 3661; baseline 0.002 -24"><span class='ocrx_word' id='word_1_235' title='bbox 117 3577 197 3639; x_wconf 87' lang='lat' dir='ltr'>bicos</span> <span class='ocrx_word' id='word_1_236' title='bbox 221 3589 253 3638; x_wconf 88' lang='lat' dir='ltr'>et</span> <span class='ocrx_word' id='word_1_237' title='bbox 275 3579 441 3640; x_wconf 85' lang='lat' dir='ltr'>trochaicos</span> <span class='ocrx_word' id='word_1_238' title='bbox 463 3599 563 3640; x_wconf 87' lang='lat' dir='ltr'>versus</span> <span class='ocrx_word' id='word_1_239' title='bbox 592 3579 672 3640; x_wconf 90' lang='lat' dir='ltr'>hunc</span> <span class='ocrx_word' id='word_1_240' title='bbox 695 3581 811 3661; x_wconf 87' lang='lat' dir='ltr'>pedem,</span> <span class='ocrx_word' id='word_1_241' title='bbox 835 3581 985 3655; x_wconf 81' lang='lat' dir='ltr'>studiendi,</span> <span class='ocrx_word' id='word_1_242' title='bbox 1009 3601 1075 3642; x_wconf 88' lang='lat' dir='ltr'>men</span> <span class='ocrx_word' id='word_1_243' title='bbox 1087 3579 1208 3658; x_wconf 89' lang='lat' dir='ltr'>quidem</span> 
     </span>
     <span class='ocr_line' id='line_1_33' title="bbox 121 3673 1210 3748; baseline 0 -16"><span class='ocrx_word' id='word_1_244' title='bbox 121 3673 277 3746; x_wconf 82' lang='lat' dir='ltr'>sententis,</span> <span class='ocrx_word' id='word_1_245' title='bbox 305 3691 366 3732; x_wconf 92' lang='lat' dir='ltr'>non</span> <span class='ocrx_word' id='word_1_246' title='bbox 392 3685 472 3734; x_wconf 90' lang='lat' dir='ltr'>sunt.</span> <span class='ocrx_word' id='word_1_247' title='bbox 524 3675 563 3734; x_wconf 86' lang='lat' dir='ltr'>Et</span> <span class='ocrx_word' id='word_1_248' title='bbox 587 3675 622 3748; x_wconf 88' lang='lat' dir='ltr'>si,</span> <span class='ocrx_word' id='word_1_249' title='bbox 647 3684 682 3736; x_wconf 90' lang='lat' dir='ltr'>ut</span> <span class='ocrx_word' id='word_1_250' title='bbox 705 3696 804 3737; x_wconf 85' lang='lat' dir='ltr'>rernm</span> <span class='ocrx_word' id='word_1_251' title='bbox 826 3675 1008 3748; x_wconf 77' lang='lat' dir='ltr'>l&#39;stear‚&#39;hoc</span> <span class='ocrx_word' id='word_1_252' title='bbox 1034 3673 1145 3734; x_wconf 83' lang='lat' dir='ltr'>dixisse</span> <span class='ocrx_word' id='word_1_253' title='bbox 1167 3674 1210 3746; x_wconf 72' lang='lat' dir='ltr'>illi</span> 
     </span>
     <span class='ocr_line' id='line_1_34' title="bbox 118 3767 1208 3849; baseline -0.003 -22"><span class='ocrx_word' id='word_1_254' title='bbox 118 3767 266 3841; x_wconf 82' lang='lat' dir='ltr'>videntur,</span> <span class='ocrx_word' id='word_1_255' title='bbox 290 3767 320 3826; x_wconf 92' lang='lat' dir='ltr'>in</span> <span class='ocrx_word' id='word_1_256' title='bbox 345 3769 390 3828; x_wconf 89' lang='lat' dir='ltr'>his</span> <span class='ocrx_word' id='word_1_257' title='bbox 405 3769 536 3828; x_wconf 86' lang='lat' dir='ltr'>versibus</span> <span class='ocrx_word' id='word_1_258' title='bbox 556 3769 674 3849; x_wconf 91' lang='lat' dir='ltr'>reperiri</span> <span class='ocrx_word' id='word_1_259' title='bbox 695 3773 783 3831; x_wconf 84' lang='lat' dir='ltr'>uerba</span> <span class='ocrx_word' id='word_1_260' title='bbox 802 3770 954 3849; x_wconf 90' lang='lat' dir='ltr'>inquibus</span> <span class='ocrx_word' id='word_1_261' title='bbox 974 3769 1098 3828; x_wconf 89' lang='lat' dir='ltr'>creticus</span> <span class='ocrx_word' id='word_1_262' title='bbox 1119 3767 1208 3826; x_wconf 88' lang='lat' dir='ltr'>irisit:</span> 
     </span>
     <span class='ocr_line' id='line_1_35' title="bbox 115 3861 1208 3944; baseline -0.003 -21"><span class='ocrx_word' id='word_1_263' title='bbox 115 3873 147 3923; x_wconf 93' lang='lat' dir='ltr'>ut</span> <span class='ocrx_word' id='word_1_264' title='bbox 160 3868 169 3897; x_wconf 88' lang='lat'>‘</span> <span class='ocrx_word' id='word_1_265' title='bbox 180 3861 318 3941; x_wconf 77' lang='lat' dir='ltr'>mdepol,’</span> <span class='ocrx_word' id='word_1_266' title='bbox 333 3875 363 3922; x_wconf 84' lang='lat' dir='ltr'>et</span> <span class='ocrx_word' id='word_1_267' title='bbox 377 3863 492 3937; x_wconf 82' lang='lat' dir='ltr'>similia,</span> <span class='ocrx_word' id='word_1_268' title='bbox 506 3865 543 3924; x_wconf 91' lang='lat' dir='ltr'>de</span> <span class='ocrx_word' id='word_1_269' title='bbox 557 3865 662 3944; x_wconf 90' lang='lat' dir='ltr'>quibus</span> <span class='ocrx_word' id='word_1_270' title='bbox 677 3875 791 3944; x_wconf 82' lang='lat' dir='ltr'>postea.</span> <span class='ocrx_word' id='word_1_271' title='bbox 833 3865 900 3922; x_wconf 89' lang='lat' dir='ltr'>Non</span> <span class='ocrx_word' id='word_1_272' title='bbox 914 3861 994 3940; x_wconf 90' lang='lat' dir='ltr'>quod</span> <span class='ocrx_word' id='word_1_273' title='bbox 1006 3863 1036 3919; x_wconf 89' lang='lat' dir='ltr'>in</span> <span class='ocrx_word' id='word_1_274' title='bbox 1050 3880 1134 3922; x_wconf 79' lang='lat' dir='ltr'>versu</span> <span class='ocrx_word' id='word_1_275' title='bbox 1144 3862 1208 3940; x_wconf 82' lang='lat' dir='ltr'>jem</span> 
     </span>
     <span class='ocr_line' id='line_1_36' title="bbox 117 3955 1208 4039; baseline 0.001 -23"><span class='ocrx_word' id='word_1_276' title='bbox 117 3958 153 4017; x_wconf 94' lang='lat' dir='ltr'>sit</span> <span class='ocrx_word' id='word_1_277' title='bbox 163 3957 304 4030; x_wconf 86' lang='lat' dir='ltr'>creticus,</span> <span class='ocrx_word' id='word_1_278' title='bbox 319 3959 373 4018; x_wconf 90' lang='lat' dir='ltr'>sed</span> <span class='ocrx_word' id='word_1_279' title='bbox 387 3960 468 4039; x_wconf 89' lang='lat' dir='ltr'>quod</span> <span class='ocrx_word' id='word_1_280' title='bbox 482 3961 512 4019; x_wconf 88' lang='lat' dir='ltr'>in</span> <span class='ocrx_word' id='word_1_281' title='bbox 526 3959 584 4020; x_wconf 88' lang='lat' dir='ltr'>illis</span> <span class='ocrx_word' id='word_1_282' title='bbox 603 3970 684 4020; x_wconf 89' lang='lat' dir='ltr'>esset</span> <span class='ocrx_word' id='word_1_283' title='bbox 704 3959 811 4031; x_wconf 84' lang='lat' dir='ltr'>verbis,</span> <span class='ocrx_word' id='word_1_284' title='bbox 835 3957 860 4017; x_wconf 94' lang='lat' dir='ltr'>si</span> <span class='ocrx_word' id='word_1_285' title='bbox 883 3955 953 4016; x_wconf 91' lang='lat' dir='ltr'>totis</span> <span class='ocrx_word' id='word_1_286' title='bbox 974 3955 1096 4037; x_wconf 86' lang='lat' dir='ltr'>syllabis</span> <span class='ocrx_word' id='word_1_287' title='bbox 1120 3955 1208 4034; x_wconf 87' lang='lat' dir='ltr'>plane</span> 
     </span>
     <span class='ocr_line' id='line_1_37' title="bbox 118 4051 1209 4136; baseline 0 -24"><span class='ocrx_word' id='word_1_288' title='bbox 118 4053 328 4130; x_wconf 81' lang='lat' dir='ltr'>proferrentur.</span> <span class='ocrx_word' id='word_1_289' title='bbox 370 4055 445 4115; x_wconf 82' lang='lat' dir='ltr'>Hoec</span> <span class='ocrx_word' id='word_1_290' title='bbox 460 4056 606 4117; x_wconf 82' lang='lat' dir='ltr'>sententio</span> <span class='ocrx_word' id='word_1_291' title='bbox 619 4067 676 4129; x_wconf 88' lang='lat' dir='ltr'>est,</span> <span class='ocrx_word' id='word_1_292' title='bbox 697 4063 832 4136; x_wconf 90' lang='lat' dir='ltr'>utputo,</span> <span class='ocrx_word' id='word_1_293' title='bbox 853 4053 1004 4132; x_wconf 85' lang='lat' dir='ltr'>Scaligeri,</span> <span class='ocrx_word' id='word_1_294' title='bbox 1026 4051 1078 4111; x_wconf 84' lang='lat' dir='ltr'>siri</span> <span class='ocrx_word' id='word_1_295' title='bbox 1092 4051 1209 4125; x_wconf 89' lang='lat' dir='ltr'>eruditi,</span> 
     </span>
     <span class='ocr_line' id='line_1_38' title="bbox 118 4148 1209 4230; baseline -0.002 -22"><span class='ocrx_word' id='word_1_296' title='bbox 118 4149 165 4228; x_wconf 90' lang='lat' dir='ltr'>qni</span> <span class='ocrx_word' id='word_1_297' title='bbox 180 4149 220 4210; x_wconf 88' lang='lat' dir='ltr'>de</span> <span class='ocrx_word' id='word_1_298' title='bbox 235 4151 379 4214; x_wconf 83' lang='lat' dir='ltr'>Versibus</span> <span class='ocrx_word' id='word_1_299' title='bbox 402 4153 531 4216; x_wconf 77' lang='lat' dir='ltr'>comicis</span> <span class='ocrx_word' id='word_1_300' title='bbox 554 4153 646 4216; x_wconf 86' lang='lat' dir='ltr'>edidit</span> <span class='ocrx_word' id='word_1_301' title='bbox 654 4155 777 4230; x_wconf 61' lang='lat' dir='ltr'>brenam</span> <span class='ocrx_word' id='word_1_302' title='bbox 790 4149 938 4215; x_wconf 78' lang='lat' dir='ltr'>libellum:</span> <span class='ocrx_word' id='word_1_303' title='bbox 959 4148 1058 4228; x_wconf 73' lang='lat' dir='ltr'>itaque</span> <span class='ocrx_word' id='word_1_304' title='bbox 1071 4148 1100 4208; x_wconf 92' lang='lat' dir='ltr'>in</span> <span class='ocrx_word' id='word_1_305' title='bbox 1116 4167 1151 4208; x_wconf 89' lang='lat' dir='ltr'>eo</span> <span class='ocrx_word' id='word_1_306' title='bbox 1164 4167 1209 4207; x_wconf 90' lang='lat' dir='ltr'>re·</span> 
     </span>
     <span class='ocr_line' id='line_1_39' title="bbox 176 4260 1144 4326; baseline 0.005 -15"><span class='ocrx_word' id='word_1_307' title='bbox 176 4261 447 4326; x_wconf 57' lang='lat' dir='ltr'>oaerpsass&#39;oraem.</span> <span class='ocrx_word' id='word_1_308' title='bbox 620 4265 716 4314; x_wconf 75' lang='lat' dir='ltr'>Terent.</span> <span class='ocrx_word' id='word_1_309' title='bbox 1114 4260 1144 4308; x_wconf 84' lang='grc' dir='ltr'>Μ</span> 
     </span>
    </p>
   </div>
   <div class='ocr_carea' id='block_1_9' title="bbox 0 0 1484 4892">
    <p class='ocr_par' dir='ltr' id='par_1_11' title="bbox 0 0 1484 4892">
     <span class='ocr_line' id='line_1_40' title="bbox 0 0 1484 4892; baseline 0 1"><span class='ocrx_word' id='word_1_310' title='bbox 0 0 1484 4892; x_wconf 95' lang='lat' dir='ltr'> </span> 
     </span>
    </p>
   </div>
  </div>
 </body>
</html>
