2958 4892
639 372 876 427 rnnnorsous
899 369 1003 424 HARB

353 523 430 584 lore·
607 517 677 580 vicie
801 517 872 579 hero
967 512 1049 576 debit
1176 513 1285 578 cedens

351 617 432 678 ldcm
609 615 695 675 bonit
802 611 907 674 herum
967 609 1031 672 deri
1175 623 1239 672 eret

353 712 411 772 levi
610 709 705 770 bonne
805 727 896 772 eenex
965 705 1048 768 dolet
1174 717 1260 768 erent

354 825 473 868 monum
613 805 708 866 bonon
808 823 891 866 eoror
969 803 1059 864 habet
1177 805 1234 864 erit
1283 829 1288 837 =

352 901 571 982 menne(plnr.)
610 899 696 960 melin
807 917 880 958 uxor
967 899 1079 960 hebent

354 999 442 1060 miecr
611 997 704 1056 molon
811 995 860 1055 nbi
970 993 1068 1056 nolent

354 1095 448 1154 mione
614 1091 694 1152 domi
811 1089 905 1152 cnve⁶
968 1089 1071 1152 etodot

353 1188 443 1248 modo
611 1184 699 1246 domo
810 1205 896 1248 mnne
970 1185 1091 1248 eludent

355 1283 447 1344 nven⁵
612 1279 731 1342 domum
810 1298 888 1360 nego
966 1289 1046 1341 tecet

355 1399 426 1440 oven
611 1395 683 1456 puer
811 1395 885 1455 rogo
969 1385 1050 1436 tecet

355 1477 446 1536 boren
612 1483 696 1554 peter
813 1481 880 1532 tnce
970 1481 1071 1534 tecenc

355 1589 443 1632 norm
611 1567 703 1648 petrin
813 1567 880 1628 vide
966 1565 1050 1628 viden

357 1684 437 1726 noro
614 1663 692 1744 pntri
817 1672 897 1723 nmnt
969 1661 1058 1723 viden

356 1779 466 1822 novom
615 1755 704 1818 heron
817 1755 888 1818 dedi
972 1757 1054 1818 videt
1184 1758 1256 1820 licet

360 1855 438 1916 dolie
617 1851 681 1912 heri
817 1851 902 1914 dedit
974 1851 1079 1914 lobene

317 2006 441 2078 Quarto,
455 2005 486 2066 in
499 2000 693 2086 polysyllabis
707 2004 890 2086 compositio,
915 2003 941 2065 ei
954 2003 1049 2086 primo
1062 2003 1176 2086 tyllnbn
1190 2024 1372 2088 componens
1402 2031 1410 2050 ·

276 2102 373 2162 brevic
388 2109 436 2162 ert
448 2109 533 2161 extro
544 2099 798 2180 compositionem,
812 2099 842 2159 in
857 2099 1068 2181 compositione
1079 2119 1196 2181 qnoque
1209 2103 1373 2182 empineime

277 2197 382 2278 corripi
405 2195 509 2270 colere,
535 2193 630 2277 (qnod
656 2193 694 2256 de
719 2195 929 2278 monosyllnbin
944 2195 1024 2276 prior
1047 2197 1209 2272 observavi,
1232 2201 1373 2281 quodque

276 2293 356 2354 velet
368 2292 458 2354 etiem
472 2291 503 2351 in
516 2291 686 2371 componitis
694 2291 743 2366 ab,
757 2303 836 2367 ante,
849 2301 880 2354 et
893 2291 992 2367 inter,)
1000 2293 1134 2373 exempla
1145 2293 1224 2370 hmo,
1237 2316 1277 2358 ne
1290 2298 1373 2380 plnre

277 2407 446 2469 congeram,
460 2386 633 2450 ostendunt.

356 2532 478 2593 advenio
617 2549 736 2594 croetno
871 2532 995 2596 intorert
1124 2535 1317 2616 indiligenter

356 2626 472 2690 abduco
614 2637 760 2708 cognatur
869 2627 1074 2690 interminato·
1125 2630 1279 2710 ingenium

356 2723 485 2786 absorde
616 2724 769 2804 colloquor
869 2725 993 2805 ignavus
1124 2729 1239 2807 integer

356 2819 462 2880 adnitie
617 2817 804 2882 commodare
872 2819 977 2900 ignoro
1126 2823 1236 2884 invidie

355 2913 479 2976 advenio
491 2913 599 2994 (verb.)
615 2913 722 2976 incedo
871 2913 1001 2995 impingo
1125 2917 1250 2979 inveniri

356 3011 460 3072 affines
614 3010 733 3088 incepto
871 3009 1005 3091 intelligo
1126 3013 1244 3075 oblecto

356 3103 464 3164 nncille
614 3103 743 3165 incertus
869 3106 982 3186 impero
1126 3095 1250 3172 obsecro

356 3185 482 3258 'annhnc
614 3197 752 3277 indignor
869 3201 1023 3282 imperium
1125 3205 1260 3266 occultus

354 3293 493 3372 entiquun
614 3293 730 3356 interim
870 3296 1040 3377 impruden·
1125 3300 1262 3360 notendo.

317 3437 439 3512 Quinto,
461 3455 528 3516 qum
542 3447 688 3498 ncoontnr
710 3440 741 3499 in
755 3441 841 3502 tertie
865 3444 903 3504 eb
927 3452 1069 3519 extreme,
1089 3444 1237 3506 interdum
1251 3457 1375 3510 ncntnm

275 3533 446 3614 corripiunt,
461 3533 485 3592 ni
498 3532 643 3614 positione
658 3537 722 3596 coln
734 3538 826 3618 longo
839 3539 908 3614 nint,
922 3549 966 3614 ut,
980 3541 1100 3620 optime,
1121 3542 1256 3616 cerritus,
1269 3563 1377 3626 pervc-

275 3633 336 3702 lim,
350 3625 533 3710 Pamphilus,
546 3639 576 3691 et
586 3650 681 3712 pauco
695 3633 762 3706 alio,
782 3655 843 3716 quo
857 3637 957 3698 cretici
971 3648 1122 3698 mutantur
1135 3639 1166 3698 in
1188 3653 1377 3720 ennpoeeton.

276 3731 359 3792 ldern
372 3727 483 3788 fectum
498 3737 544 3788 ent
558 3727 599 3802 in,
613 3729 875 3811 neutiquam,1icet
887 3734 1010 3815 incipiet
1024 3754 1043 3796 n
1056 3735 1258 3818 diphthongo:
1281 3739 1378 3800 inter-

308 3959 323 4002 υ
340 3955 415 4018 Anco]
439 3957 463 4006 V
481 3956 517 4020 ln,
534 3971 606 4021 ever,
624 3967 653 4012 et
670 3961 802 4026 elmlllbnr,
874 3969 892 4016 t
909 3965 984 4031 Geor]
1000 3967 1252 4030 1n‚cneetc‚etiem.
1263 3978 1378 4038 uegeto,

275 4029 379 4082 videtne
399 4034 428 4084 in
450 4035 563 4086 rocnlem
586 4037 661 4102 verti,
678 4045 707 4089 et
725 4051 803 4090 vocet
841 4047 870 4092 et
887 4049 980 4109 rogato
1000 4043 1111 4096 Plentnr
1131 4047 1272 4100 eecnndnm
1291 4051 1378 4100 corri-

276 4105 383 4228 ppolnde
403 4125 451 4175 pro
471 4113 651 4178 monoryllnble
670 4115 800 4168 hebender
841 4120 889 4183 pit.

305 4194 343 4230 re.
