2948 4890
401 393 448 442 nr
470 391 622 442 corrrcrs
645 391 957 442 ornansroaraus.
1161 379 1225 444 loll

121 535 319 616 junctionem,
341 551 421 606 nam,
445 551 506 594 nnn
528 531 664 606 collidar,
687 533 761 594 nibil
786 534 961 594 innovabit:
982 536 1144 614 praeuertim
1159 555 1227 596 cnm

125 633 157 690 in
184 639 301 711 promtu
326 629 440 701 babuit,
453 639 486 688 ut
498 649 562 708 pro,
575 647 655 701 nam,
677 629 844 709 subjiceret,
868 649 1007 710 namque.
1048 629 1168 702 Verum,
1190 644 1224 692 ut

126 725 254 786 diximus
268 725 358 785 etiam
373 724 402 782 in
418 724 476 784 alio
491 719 619 802 Proldgo
641 723 718 782 iden:
733 725 843 786 facturn
857 734 913 797 eat,
925 734 960 783 ut
972 723 1181 804 geminaretur,
1194 735 1226 786 et

125 832 223 880 recte:
247 820 344 878 muna
364 837 433 878 vero
455 829 534 879 recte
557 837 576 876 a
599 817 719 878 Donato
737 819 767 878 in
789 818 916 900 Hecyrae
930 819 1077 898 Prologu:
1106 819 1224 898 ‘Prope

122 915 183 993 jam
197 927 373 974 remmotum
387 913 493 992 injuria
506 912 727 974 advenerim?
759 913 849 985 Nam,
868 915 984 976 tametai
999 916 1141 994 geminari
1154 933 1226 974 eon-

127 1011 260 1070 aneriaae
284 1009 419 1082 latemur,
444 1019 542 1070 tamen
568 1029 708 1070 aeneum
733 1009 826 1070 initae
850 1009 960 1082 locum,
986 1029 1051 1070 eam
1065 1009 1224 1070 affectandi

125 1106 323 1176 novationem,
346 1104 396 1182 qui
414 1103 472 1164 ribi
494 1105 632 1175 iambum,
653 1103 900 1184 quandocumque
924 1116 1036 1184 ponet,
1056 1106 1224 1166 ascisceret.

126 1199 219 1260 Sicuti
235 1217 294 1258 non
309 1198 406 1258 minua
421 1198 578 1258 infeliciter
592 1199 778 1260 Priscianus:
800 1199 862 1279 qui,
875 1219 953 1272 cunr,
973 1199 1118 1272 redducit,
1132 1201 1225 1279 gemi-

126 1315 196 1356 nare
211 1305 325 1354 mutarn
339 1292 461 1367 diceret,
474 1292 564 1372 idque
583 1293 718 1372 exemplo
741 1295 864 1372 probare
887 1295 986 1368 vellet,
1009 1295 1110 1356 attulit
1131 1295 1225 1356 dinae·

126 1400 201 1452 trun:
227 1386 424 1448 Horatiannm
447 1407 484 1450 ex
500 1385 623 1470 Epodo:
655 1387 833 1448 ‘Redducet
853 1389 884 1448 in
906 1389 1006 1452 nedem
1020 1389 1104 1452 vice!
1145 1391 1223 1450 Nam

125 1485 196 1565 quid
210 1483 282 1554 aiat,
308 1482 334 1542 ai
349 1482 476 1561 negem?
496 1483 684 1562 nequeenim
702 1485 879 1546 necessitate
893 1485 979 1565 pedi:
999 1486 1224 1565 persuadebitur

126 1581 222 1640 nobie.
255 1577 336 1646 Quid
352 1579 376 1638 ai
391 1579 570 1640 contendam
582 1599 642 1640 non
657 1599 724 1640 ease
735 1580 845 1640 lactum
859 1581 897 1640 ab
907 1580 1041 1652 Horatio,
1051 1583 1112 1662 qni,
1122 1581 1222 1662 quoad

125 1685 233 1756 potent,
250 1674 366 1734 iambo:
381 1675 468 1734 etiam
483 1675 666 1756 aucupaturi
688 1677 786 1746 Quare
810 1676 900 1756 igitur
913 1677 1049 1756 abjecerit
1063 1677 1223 1756 genuinum

125 1770 240 1851 pedem
264 1787 357 1848 quare
381 1768 533 1830 admiserit
555 1769 684 1850 apuriam
709 1771 835 1844 literam,
863 1782 897 1832 ut
921 1770 1003 1832 illurn
1028 1771 1221 1834 excluderet!

127 1867 236 1926 Melina
249 1865 381 1936 seciaaet,
396 1866 421 1924 ai
436 1885 473 1926 ex
488 1867 605 1946 Hecyra
617 1867 710 1928 illud:
733 1867 920 1928 ‘Remiaaam
935 1886 1010 1946 opna
1025 1869 1064 1928 ait
1073 1867 1169 1942 vobit,
1183 1887 1222 1928 an

125 1961 298 2022 redductum
323 1959 463 2022 domum.’
503 1960 608 2042 Neque
622 1961 737 2034 mirum,
763 1982 831 2041 qnae
853 1963 894 2034 in,
918 1961 1021 2036 reddo,
1048 1963 1221 2042 geminetur.

125 2055 158 2114 ln
171 2075 264 2116 :cena
277 2074 396 2136 quoque
411 2055 495 2136 primi
509 2067 593 2117 actua
608 2058 720 2136 quinta,
745 2076 812 2118 cnm
828 2055 972 2136 Pamphili
993 2057 1117 2118 orationi
1132 2057 1221 2118 inter·

125 2152 256 2212 tertiaeet
272 2151 380 2230 Mysis,
393 2161 483 2231 atque
492 2153 554 2212 auia
566 2163 688 2232 uterque
700 2171 834 2214 acernum
845 2152 998 2214 affectibus
1008 2163 1147 2224 uteretur,
1158 2171 1221 2214 ver-

124 2265 174 2306 aua
195 2247 366 2306 interseruit
385 2246 517 2310 ditemur
539 2267 659 2329 quoque
680 2249 785 2320 Poeta,
809 2268 884 2328 quoa
905 2249 1045 2308 Erasmus
1067 2245 1218 2309 confudit:

124 2341 166 2401 nic
178 2341 270 2420 igitur
284 2339 401 2419 legendi
415 2354 503 2404 aunt:
525 2343 677 2404 ‘Hoccine
690 2355 737 2404 eat
752 2344 911 2404 humanum
923 2343 1044 2414 lactum,
1057 2353 1110 2403 aut
1119 2343 1220 2424 incep-

123 2436 204 2496 tnml
225 2437 351 2498 hoccine
365 2439 492 2498 officium
506 2437 621 2519 patriai
642 2439 721 2508 Quid
744 2438 818 2500 illud
832 2439 901 2500 eati
922 2439 1003 2500 Proh
1018 2437 1115 2499 Deum
1129 2447 1219 2519 alque

124 2532 277 2594 bominum
291 2532 390 2606 fidem,
413 2533 486 2611 qnid
499 2544 557 2606 eat,
571 2533 597 2592 ai
612 2551 672 2593 nnn
686 2533 752 2596 haec
765 2534 944 2596 contumelia
957 2533 1044 2594 eatl'
1076 2533 1126 2594 Sic
1140 2534 1219 2594 eninr

121 2627 209 2688 etiam
224 2627 286 2688 alio
300 2649 408 2708 genere
430 2630 526 2709 hlyaia
540 2630 630 2690 utitur
649 2630 772 2690 iterum:
801 2637 810 2666 ⁴
824 2629 963 2690 Minerua:
977 2650 1034 2702 me,
1056 2629 1138 2708 quod
1153 2649 1219 2690 rer·

121 2723 189 2784 burn
204 2722 335 2783 andinl'
368 2723 424 2784 Cui
447 2723 608 2803 respondet
621 2723 694 2782 illud
709 2724 875 2804 Pamphili:
896 2731 905 2760 ⁴
920 2723 1010 2792 Quod
1034 2723 1059 2782 ai
1073 2723 1117 2796 fit,
1130 2743 1219 2804 pereo

121 2817 277 2880 funditua!
319 2819 352 2878 ln
379 2817 482 2880 eadem
501 2829 601 2880 autern
625 2837 715 2878 scena
731 2837 848 2879 vernum
871 2817 972 2878 illurn:
1007 2816 1107 2878 ‘Proh
1122 2817 1219 2880 Deum

122 2923 209 2992 atque
238 2913 392 2974 hominnm
415 2915 515 2988 tidem,
539 2913 661 2976 nullone
686 2913 779 2994 ego:'
808 2913 938 2994 appellat
961 2909 1118 2974 dimetrum
1141 2913 1219 2995 pede

120 3007 317 3082 redundante,
342 3009 408 3070 laxe
427 3029 499 3070 eane
514 3010 611 3070 nimia.
654 3009 729 3070 Nam
745 3009 935 3090 quamobrem
954 3025 1013 3067 non
1030 3007 1218 3088 quinariuml

120 3122 211 3182 quare
235 3122 295 3162 non
320 3105 480 3166 trimetrum
502 3103 840 3186 brachycatalecticuml
872 3105 939 3184 qui:
962 3123 1093 3184 unquam
1107 3105 1219 3168 audivit

120 3218 236 3260 aereum
247 3197 342 3258 ullum
350 3198 426 3280 pede
436 3219 503 3260 erae
514 3199 719 3260 redundante?
740 3219 838 3260 nonne
850 3199 913 3280 ipae
923 3199 973 3260 ille
983 3201 1161 3264 venuatalia
1171 3213 1218 3264 eat

118 3293 251 3374 bocipeo
262 3292 349 3374 pede,
359 3313 448 3373 quem
458 3293 727 3356 diciaredundarel
743 3294 819 3356 lllud
829 3315 946 3376 queque
957 3296 1034 3356 male
1043 3295 1217 3376 dignoscere

117 3391 272 3450 visisunt:
294 3407 362 3450 cnm
373 3401 458 3450 actua
473 3387 595 3450 secundi
603 3399 745 3470 putarunt
757 3389 882 3463 initium,
891 3391 1017 3452 caudam
1026 3411 1092 3453 erae
1102 3405 1218 3472 pontre-

117 3485 156 3546 mi
171 3504 286 3557 verona,
306 3503 367 3564 quo
384 3485 533 3546 clauditur
547 3496 632 3546 actua
646 3486 776 3564 primus:
798 3485 859 3548 sic:
881 3486 928 3548 Ne
950 3487 990 3548 ad
1012 3489 1145 3548 morbum
1158 3488 1216 3550 boo

116 3581 227 3650 estam:
242 3591 348 3642 teneo:
369 3580 442 3660 quid
458 3581 512 3653 aia,
535 3577 698 3661 Byrrbial'
730 3581 819 3654 Nam,
840 3593 873 3642 ut
893 3581 951 3642 boc
968 3583 1093 3663 primum
1108 3581 1215 3656 dicam,

115 3675 209 3736 multo
223 3676 320 3736 catius
331 3686 388 3748 eat,
403 3687 436 3736 ut
447 3677 530 3736 initia
539 3689 658 3738 actuum
673 3676 789 3758 integra
797 3679 866 3750 nint,
875 3697 964 3758 quarn
976 3677 1059 3738 linea.
1099 3678 1216 3738 Deinde

115 3782 242 3852 apparet
256 3771 425 3852 properatio
441 3773 471 3832 in
485 3771 603 3853 Myride
624 3775 761 3848 abeunte,
775 3783 808 3834 ut
822 3773 992 3854 Glycerium
1005 3771 1215 3834 consolaretur.

113 3867 220 3948 ltaque
235 3867 352 3947 abrupit
365 3887 539 3942 termonem,
551 3879 641 3948 atque
654 3869 734 3930 abiit.
769 3867 917 3928 Preterea
931 3867 1007 3925 inter
1021 3875 1105 3926 actua
1119 3867 1213 3932 Vetus

112 3961 271 4024 Comoedia
285 3963 478 4025 interuerebat
498 3973 690 4046 προσρήματα,
705 3963 822 4036 choros,
847 3961 993 4034 deverbia,
1008 3963 1214 4043 apostrophus,

110 4069 202 4137 atque
217 4057 447 4136 aliaejuamodi.
490 4059 575 4120 Nora
589 4059 743 4120 Comoedia
765 4077 831 4120 raro
861 4077 991 4138 gregem,
1016 4057 1072 4118 nisi
1093 4059 1122 4118 in
1144 4059 1212 4123 fine.

110 4150 286 4232 Aliquando
313 4153 401 4213 etiam
430 4153 600 4234 choragum
628 4154 753 4236 legimur
779 4152 858 4234 apud
883 4153 1032 4214 Plautum.
1084 4153 1212 4218 Omnino

109 4259 210 4316 antem
219 4247 332 4312 tibicen
346 4249 489 4313 canebat:
511 4251 591 4332 quod
606 4271 622 4314 e
637 4249 787 4316 Paeudulo
807 4251 877 4314 licet
889 4250 1074 4334 perepicerc:
1107 4249 1210 4316 ‘Dum
