2948 4890
372 399 422 448 nn
445 399 598 450 courcts
624 390 937 454 nrususroruaus.
1137 391 1203 457 145

103 541 174 603 sede
194 543 254 604 hoc
274 541 402 616 eveniat,
426 541 531 602 mem
552 541 752 604 validissimus
777 538 910 606 ratione:
933 545 1031 624 qualis
1055 547 1200 610 etiamen

104 639 457 700 Heautontimorumeno:
478 640 583 698 ‘Itane
605 649 805 719 comparatam
819 659 885 700 esse
898 640 1051 702 hominurn
1064 653 1199 704 naturam

103 735 252 794 omnium.'
294 736 389 804 Quem
413 753 528 796 vertum
552 735 602 814 qui
627 736 807 796 trochaicum
831 747 946 816 putent,
967 757 1062 818 nugas
1084 750 1196 818 agam:

103 829 166 889 hmo
181 830 260 889 enim
275 831 348 910 luga
360 849 457 910 neque
471 831 638 891 necessaria
652 841 709 902 est,
732 844 763 890 et
776 843 823 891 eat
837 833 954 892 frustra.
996 835 1071 894 Nam
1087 835 1116 893 in
1131 855 1198 915 pro·

102 924 170 1004 logo
184 925 399 1004 Adelphorum,
412 945 480 1006 quas
494 943 562 1004 pars
577 945 642 986 cese
656 923 746 986 debet
760 926 952 1006 politissima:
968 928 1101 990 ‘Indicio
1114 929 1152 990 de
1166 950 1198 992 sc

103 1020 163 1098 ipse
176 1021 254 1080 erit:
276 1039 328 1080 sos
343 1019 423 1080 eritis
440 1020 578 1100 judices.'
620 1021 654 1078 ln
674 1020 778 1080 eadem
800 1020 931 1082 Fabula:
954 1021 1071 1090 ‘Quam
1085 1033 1137 1083 aut
1149 1024 1198 1084 hic

103 1135 180 1175 nunc
204 1135 324 1175 manere
346 1116 479 1177 tamdiu:
502 1125 554 1176 aut
574 1125 653 1175 nunc
674 1115 832 1196 persequi-⁹
872 1115 975 1194 Inepte
997 1116 1145 1178 divertunt
1158 1119 1197 1178 ad

102 1211 277 1272 trochaicos.
320 1212 398 1280 Quid
423 1213 500 1272 enim
526 1213 557 1270 in
581 1213 633 1274 illo
658 1210 778 1271 dicenti
804 1209 882 1274 ‘Ille
906 1211 1007 1284 rutilis,
1030 1215 1197 1276 somnium:

103 1307 211 1366 sineres
226 1326 296 1367 vero
310 1308 392 1368 illum
407 1317 488 1368 tuum
499 1307 521 1366 i’
551 1307 668 1368 Etenim
690 1305 836 1367 trochaeos
855 1318 1027 1387 extorquere
1050 1321 1198 1388 nequeant

103 1421 136 1460 ex
150 1421 196 1464 eo.
234 1403 316 1462 Elin
332 1403 493 1464 Eunucho:
513 1403 593 1464 ‘Sed
608 1404 754 1464 neminem
769 1401 917 1464 curiosum
930 1404 1102 1464 intervenire
1118 1423 1197 1464 nunc

103 1496 193 1580 miffit'
233 1499 329 1566 Quem
352 1499 490 1558 Erasmus
504 1517 620 1558 versum
641 1517 694 1577 pro
713 1499 829 1558 senario
842 1497 1041 1577 imprudenter
1054 1511 1120 1560 se'se
1135 1519 1197 1559 rne-

102 1593 185 1652 titum
207 1612 276 1652 esse
298 1603 394 1672 putat.
436 1595 474 1652 Et
497 1595 527 1653 in
551 1595 689 1673 Hecyra:
711 1595 753 1652 ‘A
780 1594 933 1674 Myrrhina
951 1593 1016 1654 heac
1039 1607 1110 1654 sunt
1130 1615 1197 1656 mea

102 1707 190 1748 uxore
205 1699 310 1749 exorta
322 1689 441 1750 omnia!
476 1691 515 1749 Et
528 1689 558 1748 in
574 1687 719 1748 Poeuulo:
742 1689 879 1768 'Perque
894 1707 975 1748 meos
989 1709 1114 1763 amores,
1130 1709 1196 1770 per·

102 1803 156 1861 que
170 1785 384 1865 Adelphasium
398 1786 515 1846 meam.¹
542 1785 581 1844 Et
594 1786 623 1844 in
639 1785 868 1866 Amphitryone:
888 1793 897 1820 ‘
911 1785 1047 1846 Inimico:
1062 1805 1116 1846 ose
1130 1806 1195 1846 snm

102 1877 214 1957 semper
227 1881 398 1940 obtuerier.'
438 1882 512 1940 Item
525 1882 555 1940 in
570 1879 725 1941 Asinaria:
747 1881 862 1940 ‘Deam
879 1880 933 1940 sibi
956 1882 1083 1954 invocet,
1106 1901 1195 1961 quam

101 1971 220 2045 iubebit,
243 1974 419 2056 propitiam!
458 1976 498 2035 Et
519 1976 548 2034 in
571 1975 742 2036 Aulularia:
764 1977 901 2056 ‘Nempe
924 1977 1002 2038 sicut
1025 1977 1108 2038 dicis.
1123 1977 1195 2058 quid

101 2067 169 2127 hic?
189 2089 251 2130 non
275 2083 392 2151 poterat
413 2071 452 2131 de
474 2070 561 2132 suol’
602 2073 647 2130 Er
672 2071 798 2132 Casina:
821 2071 902 2132 ‘Aut
923 2074 1007 2152 quasi
1033 2073 1194 2134 lumbricus

6 2157 16 2174 ⁶
100 2173 202 2224 terram
216 2167 338 2244 quidem
353 2179 382 2226 te
397 2167 549 2246 postules!
576 2168 707 2228 Sicutex
720 2167 870 2246 Captivis:
886 2169 981 2228 ‘lude
994 2188 1041 2228 me
1054 2169 1195 2228 continuo

101 2259 237 2340 recipiam
262 2281 376 2322 rursum
403 2262 544 2322 domum!
585 2264 629 2322 Ex
652 2264 763 2324 Casina
787 2263 929 2324 alterum:
955 2263 1058 2332 ‘Quid
1083 2262 1195 2324 laciesl

99 2355 275 2416 concludere
298 2358 328 2416 in
352 2358 510 2418 fenestram
531 2357 672 2420 firmiter!
711 2357 800 2427 Quod
822 2357 848 2416 si
869 2357 969 2416 dicant
981 2356 1051 2418 elidi
1066 2355 1194 2429 sibilum,

100 2451 348 2525 quemadmodum
371 2454 401 2512 iu
425 2453 582 2514 Rudente:
605 2452 803 2512 ‘illustriores
818 2451 888 2511 lecit
902 2451 1105 2530 fenestrasque
1119 2451 1194 2510 indi·

101 2543 169 2605 dit:'
187 2547 312 2627 objicies
328 2548 399 2608 illud
415 2569 452 2608 ex
467 2549 636 2608 Aulularia:
652 2546 796 2627 ‘AEdepol
810 2545 962 2607 mortalem
975 2565 1062 2625 parce
1075 2565 1193 2624 parcum

100 2641 267 2717 predicat!
294 2642 362 2710 Quo
376 2644 441 2702 loco
457 2645 481 2702 si
489 2643 610 2722 jurandi
624 2641 793 2702 adverbium
809 2641 1029 2721 pronuntiatum
1043 2651 1195 2701 autument

101 2736 136 2794 sb
160 2737 291 2816 antiquis
319 2757 372 2817 per
395 2737 500 2798 mediae
525 2737 650 2818 syllabas
673 2737 878 2806 exemtionem,
907 2736 995 2794 alium
1019 2754 1152 2814 opponas
1177 2755 1194 2796 e

100 2830 274 2892 Pseudulo:
297 2833 404 2892 ‘Nunc
419 2843 470 2892 tuo
490 2851 557 2892 cum
582 2831 643 2890 lilio
665 2831 739 2888 liber
759 2830 904 2889 accubat:
927 2827 1045 2888 omnia!
1087 2827 1143 2889 Ubi
1169 2832 1195 2889 si

99 2923 209 3000 dicant,
230 2927 281 2998 ad,
299 2927 534 3006 praepositionem
548 2926 576 2985 in
592 2923 804 3002 compositione
818 2925 905 2983 etiam
920 2934 1085 3003 correptam
1099 2945 1194 2984 enun-

99 3023 160 3080 tiari
173 3023 365 3084 consuevisse
379 3043 388 3084 :
408 3041 575 3101 quaeramus
590 3039 655 3094 nos,
678 3039 768 3100 quare
781 3019 811 3078 in
826 3019 889 3080 aliis
903 3019 1065 3079 carminum
1080 3021 1194 3099 generi-

99 3117 151 3176 bus
165 3117 258 3177 nullis
273 3117 387 3178 licuerit
400 3117 467 3176 hoc.
503 3115 592 3185 Quod
607 3115 632 3175 si
646 3113 846 3194 respondeant
859 3115 889 3174 in
903 3133 996 3174 causa
1008 3134 1075 3174 esse
1089 3115 1194 3195 pedes·

99 3222 169 3271 trem
183 3233 219 3272 ac
234 3213 386 3292 vulgarem
400 3212 583 3272 orationem:
603 3211 672 3272 binc
686 3211 829 3270 instemus
843 3228 909 3283 nos,
931 3231 991 3271 non
1007 3209 1093 3271 valde
1107 3213 1194 3272 meri·

97 3319 154 3368 tarn
167 3328 237 3370 esse
250 3307 328 3369 illios
342 3308 496 3380 vilitatem,
511 3317 544 3366 ut
557 3317 617 3366 tam
628 3307 773 3365 accuratis
784 3305 905 3365 astricta
915 3306 1043 3366 numeris
1053 3306 1193 3366 creticum

98 3415 313 3483 espemaretur.
343 3404 446 3482 ltaque
461 3403 580 3463 verbum
595 3401 810 3461 substantivum
821 3401 981 3480 aliquando
992 3401 1072 3460 miris
1084 3411 1193 3460 torsere

97 3499 212 3559 modis:
233 3509 268 3557 ut
280 3500 310 3557 in
325 3497 421 3558 Milite
435 3497 579 3558 Plautus:
601 3503 609 3530 ‘
623 3496 751 3558 Censen’
765 3515 833 3557 vero
847 3497 923 3557 adeo
937 3515 1003 3556 esse
1017 3515 1149 3576 parcum,
1163 3505 1194 3555 et

97 3595 201 3656 urbere
215 3593 336 3654 viveret
357 3593 450 3654 Dicas
463 3612 583 3654 uxorem
597 3593 649 3652 tibi
663 3611 728 3653 esse
740 3611 895 3652 necessum
907 3591 1036 3652 ducere!
1057 3589 1193 3670 Apertius

95 3709 162 3751 rero
176 3691 207 3749 in
236 3688 421 3769 Gurgulione
444 3689 569 3769 simplici
583 3689 669 3748 sibilo
690 3688 915 3768 pronuntiatur:
936 3695 944 3723 ⁸
957 3687 1035 3747 Huic
1049 3687 1118 3745 anui
1132 3704 1192 3743 nou

96 3787 165 3846 satis
179 3796 229 3846 est
243 3786 320 3846 soli:
345 3805 450 3846 canem
462 3805 529 3846 esse
550 3786 629 3846 hanc
642 3784 782 3864 quidem!
823 3783 959 3843 Ceterum
974 3782 1040 3861 quis
1054 3780 1162 3840 eximet
1175 3797 1194 3838 a

94 3883 201 3944 cretico
225 3901 343 3942 versum
356 3881 440 3940 illum
461 3901 499 3941 ex
520 3881 711 3940 Trinummo:
742 3877 815 3937 ‘Sit
828 3875 1019 3937 taciturnitati
1033 3875 1110 3934 clam
1124 3873 1193 3933 fidei

95 3976 294 4038 acliduciss:'
314 3977 369 4036 nisi
389 3977 440 4056 qui
461 3975 503 4035 ad
525 3975 701 4036 trochaicam
724 3991 805 4032 aram
828 3971 909 4032 illam
933 3970 1038 4032 misere
1052 3967 1193 4049 coniuge-

94 4074 150 4134 :itt
170 4075 275 4143 Quare
289 4070 341 4130 illo
355 4071 517 4132 obruantur
533 4091 569 4130 ex
584 4067 779 4148 Gurgulione,
793 4085 879 4145 quem
902 4065 1055 4138 iambicus,
1079 4075 1112 4124 ut
1127 4083 1193 4124 sese

94 4166 121 4228 in
135 4170 371 4242 omniasertant,
382 4167 453 4248 quin
464 4167 513 4243 tit,
524 4167 639 4228 efficere
654 4171 819 4246 nequeant:
836 4161 948 4222 ‘Liberi
964 4161 1057 4241 lepos,
1070 4170 1103 4220 ut
1115 4171 1195 4222 rete·

154 4279 428 4347 camaracus.
600 4277 696 4327 ram.
1100 4271 1126 4322 n
