3012 4892
471 409 607 460 vroron
632 411 680 461 nn
703 411 896 461 conmori.
1185 399 1229 464 61

128 556 268 614 rebatur:
289 553 436 632 vigesimo
457 552 518 612 lere
540 563 645 632 postea
658 571 749 632 quam
772 551 897 614 Romani
920 555 1046 634 primum
1070 555 1231 640 Cartbagi-¹

129 651 280 711 uiendbus
307 649 420 710 bellum
444 647 645 709 indixissent:
675 659 747 708 tuuc
770 649 848 710 euim
870 667 946 728 pace
964 651 1141 731 composita,
1161 673 1229 732 qum

129 747 238 826 populo
257 755 344 806 tanto
357 763 447 824 opere
460 746 665 822 expetebatur,
686 743 716 803 id
731 763 827 824 genus
848 744 1055 807 oblectamenti
1078 745 1229 808 seruandi

130 843 217 901 animi
231 843 329 922 gratis
341 851 492 920 reoeptum
507 850 563 900 est.
606 838 723 899 Deinde
745 840 843 919 spatio
857 859 963 901 novem
979 861 1123 902 annorum
1141 844 1230 904 iuter·

126 938 216 1016 jecto,
241 939 280 998 C.
292 937 416 997 Naevius
435 936 506 996 data
522 933 636 994 Fabula
654 933 810 1014 spectandi
824 936 939 1014 copiam
952 937 1032 998 lecit.
1075 937 1150 998 Post
1161 955 1229 1000 eum

131 1033 268 1106 Plantae,
292 1051 373 1093 auno
393 1034 456 1093 iere
480 1031 594 1093 decimo
608 1031 733 1110 quinto:
754 1032 883 1091 subinde
908 1032 1035 1092 seriatim
1051 1033 1089 1102 Q.
1105 1034 1230 1106 Ennius,

131 1127 493 1200 enumeraremus
511 1127 655 1186 dorcam
677 1135 782 1206 postea
803 1145 864 1186 nou
886 1128 980 1188 multu
1005 1127 1165 1200 Pacuvius,
1179 1131 1229 1209 qai

126 1224 187 1302 jam
201 1243 297 1284 sena
309 1223 403 1282 Accio
415 1221 515 1282 cessit.
557 1219 711 1280 Postremo
723 1221 853 1282 Lucilius
867 1223 933 1295 luit,
948 1223 998 1302 qui
1012 1223 1140 1284 medium
1154 1225 1228 1292 illud

130 1331 348 1398 argumentum,
361 1317 510 1378 lacerandi
521 1316 636 1377 scilicet
649 1316 772 1376 aliorum
783 1321 930 1397 poemata,
939 1321 1118 1380 sectabatur.
1142 1321 1230 1384 Hauc

131 1415 208 1474 euim
223 1413 341 1476 Gellius
358 1414 390 1472 iu
403 1414 529 1475 Accium
552 1424 584 1474 et
607 1412 768 1474 Pacuvium
793 1431 903 1494 magna
916 1415 1005 1476 laude
1023 1415 1133 1496 stylum
1146 1435 1232 1478 eser·

131 1511 229 1571 cubae
242 1520 381 1571 testatur.
424 1509 552 1570 Fabulae
574 1509 665 1590 igitur
677 1509 737 1582 isti,
749 1509 789 1569 de
801 1510 910 1572 Gracc
923 1511 1030 1592 petitas
1045 1525 1230 1592 argumento,

133 1605 245 1666 latinis
269 1605 381 1665 rabbus
400 1605 522 1665 condire
547 1615 734 1666 statuerunt:
766 1605 1016 1685 quamadmodum
1039 1609 1070 1667 ia
1091 1605 1230 1679 Terentii.

132 1701 178 1762 rel
200 1699 313 1774 Plauti,
336 1720 403 1780 quse
425 1701 680 1772 circumferuntur,
704 1699 825 1760 Fabulis
848 1711 897 1762 est
917 1701 1034 1763 ridere:
1056 1703 1230 1783 Novamque

132 1799 250 1876 penitas
263 1795 448 1856 Corumdiam
462 1806 532 1856 sunt
544 1795 661 1869 imitati,
674 1795 786 1856 nullam
801 1796 883 1858 clrori
902 1797 1090 1860 modulantes
1107 1799 1231 1860 cantile-

133 1911 220 1954 nam:
243 1891 297 1954 sed
311 1901 395 1952 actus
421 1895 467 1970 (ut
487 1891 530 1952 ait
543 1891 719 1972 Porphyrio)
741 1891 877 1952 tibiarum
892 1905 1038 1954 concentu
1050 1893 1229 1956 dirimentes.

135 1988 191 2048 Ubi
204 2007 307 2068 operae
328 1987 452 2067 pretium
477 1998 524 2048 est
549 1987 781 2050 animadvertere
804 1989 893 2050 tibias
915 1990 997 2050 chori
1022 1991 1230 2072 proprietatem

133 2085 277 2145 emulari.
317 2083 395 2143 Nam
408 2089 455 2160 (ut
468 2092 571 2144 auctor
585 2093 632 2144 est
646 2083 798 2159 Donatus)
812 2104 879 2164 quae
892 2085 1014 2145 Fabulae
1025 2087 1231 2165 graaasbabe·
1292 2153 1296 2162 ,

133 2189 234 2240 rentur
247 2189 278 2240 et
293 2198 414 2252 severa,
435 2179 514 2240 tibiis
528 2177 641 2240 dextris
655 2179 703 2258 agi
719 2190 951 2240 consueverunt:
973 2199 1041 2259 qua
1063 2199 1133 2242 reru
1152 2179 1231 2261 jocis

133 2285 163 2335 et
175 2275 290 2334 urbane
303 2275 392 2335 dictis
405 2273 536 2352 nudique
547 2283 704 2346 scaterent,
716 2273 856 2333 contiuuo
868 2274 1005 2334 sinistris.
1037 2274 1144 2336 Pollux
1151 2279 1232 2338 euim

135 2382 237 2431 auctor
250 2380 299 2431 est
310 2370 439 2450 quinque
459 2369 530 2430 olim
547 2370 577 2429 in
591 2389 682 2430 scena
697 2369 807 2449 januas
821 2371 975 2437 extitisses
996 2389 1119 2450 quarum
1133 2371 1232 2434 media

134 2465 210 2527 illius
224 2467 346 2527 omniuo
357 2465 536 2526 domicilium
550 2477 640 2540 esset,
665 2468 715 2546 qui
734 2466 842 2548 primas
857 2467 887 2526 iu
903 2465 1016 2528 Fabula
1029 2475 1128 2547 partes
1141 2467 1231 2528 habe·

134 2570 196 2622 rat:
216 2561 322 2634 alters,
346 2560 451 2622 deutra
475 2561 599 2634 scilicet,
624 2561 693 2622 huic
717 2563 861 2642 monime,
885 2563 964 2624 illius
984 2581 1051 2622 esse
1064 2565 1231 2638 consuerit,

135 2658 182 2717 cui
194 2667 295 2737 partes
308 2656 447 2718 dmautur
464 2655 626 2716 secunde:
659 2657 756 2730 tertia,
770 2657 899 2729 sirtistra,
920 2657 967 2717 rel
981 2655 1108 2718 maximo
1122 2659 1231 2731 tenuis,

130 2737 187 2816 'aut
198 2753 310 2814 nullius
324 2763 387 2814 erat
400 2769 546 2832 personna
566 2751 614 2812 val
629 2749 797 2812 desolatam
819 2751 940 2830 aliquod
965 2751 1124 2810 simulabat
1137 2755 1232 2812 sacel-

136 2849 205 2909 lum.
249 2851 289 2908 Ar
302 2849 476 2928 reb'qumum
490 2847 656 2908 dextraeos
671 2847 803 2906 amittere
818 2845 943 2916 solebat,
953 2845 1004 2922 qui
1017 2863 1077 2904 nou
1092 2847 1129 2905 ab
1142 2847 1232 2920 Urbe,

137 2944 189 3006 sed
198 2945 319 3005 aliunde
329 2943 599 3023 proficiscerentur:
611 2941 730 3001 sinistra
737 2959 804 3000 vero
813 2949 926 3011 contra,
934 2948 1080 3017 quotquot
1089 2943 1232 3013 venirent,

136 3043 263 3102 urbanos
277 3039 469 3121 producebat.
517 3039 564 3098 Ab
590 3036 647 3096 hac
671 3039 719 3112 (ut
732 3035 869 3109 arbitror)
892 3033 955 3112 ejus
981 3033 1103 3094 Fabula
1124 3035 1232 3096 chorus

135 3137 250 3215 prodire
276 3133 440 3206 consuerit,
464 3151 539 3212 quas
564 3131 675 3190 salibus
693 3129 830 3210 jocisque
853 3129 959 3188 referta
986 3147 1052 3188 esse
1074 3128 1231 3192 rideretur.

138 3231 359 3313 Quippmquod
371 3230 468 3289 lucete
482 3227 601 3301 elicium,
621 3225 750 3288 solemus
764 3227 910 3286 urbanum
924 3224 1083 3304 appellare.
1123 3227 1232 3287 Verum

138 3330 174 3390 ab
186 3329 293 3401 altera,
317 3324 482 3388 situations
496 3321 609 3384 Fabula
622 3320 797 3392 contineret,
820 3319 948 3400 quadam
964 3337 1067 3382 severa
1091 3323 1231 3401 gravique

138 3425 324 3505 simplicitate
344 3423 451 3483 chorus
466 3419 662 3481 emittebatur.
703 3417 819 3476 Etenim
838 3434 889 3476 eos
908 3415 1093 3496 potissimum
1106 3418 1233 3477 rusticos

137 3541 289 3593 vocamus,
317 3519 370 3600 qui
398 3535 514 3598 semper
548 3516 678 3576 obducto
712 3511 867 3594 supercilio
897 3512 1018 3574 lucetius
1052 3521 1233 3572 aversantur.

138 3618 223 3678 Unde
244 3613 422 3676 Palamedes
447 3611 527 3692 apud
552 3611 763 3674 Philostratum
788 3611 826 3670 ab
847 3609 963 3670 Achille
987 3609 1095 3670 dicitur
1118 3613 1235 3687 ‹lyparu-

137 3737 221 3791 τερος,
244 3711 396 3793 quoniam,
422 3719 456 3769 ut
479 3719 542 3768 erat
565 3708 694 3788 nudique
710 3725 840 3780 severus,
860 3705 891 3764 iu
916 3703 1028 3764 deliciis
1054 3705 1144 3765 etiam
1161 3703 1234 3763 nihil

137 3808 265 3870 haberet
381 3801 387 3810 ⁴

174 3903 327 3974 Ceterum
340 3899 517 3962 licetnrulta
537 3897 597 3958 siut
616 3917 725 3978 genera
745 3898 891 3965 tibiarum,
909 3903 1008 3954 tamen
1032 3892 1093 3952 duo
1113 3909 1232 3952 scenam

138 4001 320 4080 putiuimnm
332 3995 572 4076 frequentabant,
593 3993 733 4054 videlicet
746 3991 907 4071 Pbrygiae:
936 4007 1059 4068 quarum
1082 3987 1233 4048 nonnulla

137 4095 225 4157 modu
238 4094 364 4167 dmm,
385 4091 476 4153 modo
490 4089 619 4150 sinistrae
638 4091 836 4170 ponebantur.
879 4085 1010 4156 Dextrae,
1023 4083 1234 4162 qumiorameu

139 4193 256 4254 ustum
278 4189 441 4251 habereut:
470 4185 609 4256 sinistra,
634 4207 703 4267 qua
716 4185 834 4248 duobos
847 4189 951 4244 esseut
970 4180 1159 4242 foraminibus
1172 4181 1234 4242 dis·
