2970 4900
272 347 338 413 258
648 363 784 412 ancora
809 362 989 414 varunna

745 505 789 572 Et
801 525 891 572 mox.

319 621 359 686 ln
385 621 558 706 obsequio,
585 622 741 705 quoniam
761 623 961 688 Terentiano
986 622 1086 687 verbo
1108 621 1247 690 libenter
1271 628 1343 700 utor,

278 723 418 789 comitas
433 723 530 788 adsit.

496 854 673 933 Horatius,
686 855 750 920 lib..
760 853 869 938 Epist.
884 855 928 920 ad
943 855 1141 940 Augustum.

360 971 493 1039 Dicitur
508 971 625 1038 Afrani
639 978 717 1054 toga
731 973 927 1037 convenisse
941 971 1146 1038 Menandro:

360 1074 500 1140 Plautus
514 1073 557 1138 ad
571 1073 742 1158 exemplar
755 1071 862 1138 Siculi
877 1091 1055 1158 properare
1070 1073 1278 1158 Epicharmi:

360 1173 504 1240 Viuocro
517 1173 677 1238 Caecilius
690 1173 861 1258 gramma
876 1175 1054 1240 Terentius
1069 1183 1151 1241 arte.

361 1275 439 1342 Hos
454 1275 584 1354 ediscit,
599 1282 634 1340 et
647 1275 710 1340 lros
723 1279 816 1342 arcto
830 1276 956 1360 stipala
971 1277 1094 1342 theatro

361 1375 498 1461 Spectat
510 1375 620 1442 Roma
632 1375 796 1462 frequens.

582 1515 735 1596 Ovidius,
748 1517 806 1582 lio.
823 1534 861 1583 rr.
876 1517 1046 1585 Tristium.

319 1633 394 1700 Nec
407 1633 492 1698 liber
505 1631 661 1698 indicium
677 1641 731 1698 est
745 1633 868 1714 auimi;
890 1633 949 1698 sed
963 1634 1104 1700 honesta
1120 1633 1268 1700 voluutas

360 1733 510 1800 Plurima
523 1733 706 1798 mulcendis
722 1733 858 1798 auribus
873 1741 956 1817 apta
969 1733 1078 1800 rosera

318 1831 445 1898 Accius
458 1839 549 1900 esset
563 1839 678 1900 atrox:
700 1836 844 1900 conviva
856 1833 1034 1900 Terentius
1050 1839 1158 1915 esset3

359 1933 483 1999 Essent
495 1953 662 2019 pugnaces
676 1935 734 2018 qui
748 1935 818 2000 iera
832 1935 922 2000 bella
935 1944 1068 2002 canunt.

322 2081 499 2149 Volcatius
521 2083 701 2168 Sedigitus,
723 2085 813 2169 apud
835 2083 879 2149 A.
893 2083 980 2150 Gall.
1002 2085 1061 2148 lib.
1078 2100 1143 2148 xv.
1166 2101 1241 2166 cap.
1253 2081 1302 2146 2⁴.

359 2207 488 2273 Multos
503 2209 646 2275 incertos
660 2213 783 2275 certare
796 2209 880 2274 hanc
894 2229 964 2273 rem
977 2208 1130 2286 vidimus,

359 2307 511 2374 Palmam
525 2309 636 2395 poiitre
651 2311 782 2376 comico
798 2310 854 2374 cni
869 2310 1028 2374 delerant.

359 2407 456 2487 Eum,
469 2428 522 2474 me
533 2409 655 2494 judice,
669 2429 807 2474 amorem
821 2409 1006 2476 dissolvam
1019 2408 1101 2476 tibi:

359 2505 409 2571 Ut
423 2511 580 2574 contrusi
595 2509 671 2592 quis
686 2509 820 2588 sentiat,
835 2509 917 2574 nihil
934 2510 1069 2574 sentiat.

358 2607 499 2674 Caecilio
514 2609 659 2695 palmam
674 2608 785 2675 Statio
801 2610 844 2674 do
859 2612 1001 2675 comico.

357 2709 501 2776 Plautus
515 2709 679 2776 secundus
693 2709 792 2776 facile
805 2715 982 2794 exsuperat
995 2715 1135 2774 ceteros.

357 2811 445 2876 Dein
460 2810 614 2889 Naevius,
629 2812 685 2896 qui
700 2816 810 2876 servet
823 2811 978 2894 pretium,
991 2809 1143 2876 tertidst.

357 2909 395 2975 Si
410 2911 483 2989 orit,
495 2911 585 2993 quod
598 2917 728 2994 quarto,
742 2911 875 2975 dabitur
890 2909 1029 2975 licinio.

357 3011 440 3077 Post
453 3013 586 3095 insequi
600 3012 761 3077 licinium
775 3011 865 3076 focio
877 3009 1030 3076 Atilium.

358 3111 400 3176 ln
414 3117 511 3176 sexto
527 3111 675 3194 sequitur
688 3111 750 3176 hos
764 3113 839 3176 loco
854 3111 1038 3176 Terentius.

356 3209 527 3296 Turpilius
541 3212 727 3295 septimum,
742 3211 877 3276 Trabea
892 3217 1046 3276 octavum
1059 3210 1202 3276 obtinet.

357 3307 854 3376 Nouoloooesset'acilaiacio
871 3310 1040 3374 Luscium.
1458 3361 1459 3366 1

355 3409 533 3475 Decimum
548 3409 637 3476 addo
652 3429 756 3476 causa
771 3409 976 3493 antiquitatis
991 3407 1144 3473 Enniam.

567 3549 719 3616 Velleius
734 3550 939 3628 Paterculns,
954 3549 1012 3614 lib.
1028 3565 1053 3613 1.
1457 3633 1458 3638 ἵ

313 3667 508 3752 Dnlcosque
523 3666 635 3734 Latini
656 3664 779 3748 leporis
801 3663 933 3780 locatim
957 3683 1017 3778 uer
1031 3661 1220 3742 Caecilium,
1234 3661 1351 3727 Teren·

270 3767 431 3854 tinmque,
442 3775 475 3835 et
488 3767 661 3834 Afranium
674 3782 813 3848 suppari
827 3770 930 3828 aetate
943 3769 1120 3828 mtueruut.

539 3901 621 3966 Fab.
637 3897 826 3978 Quintilian.
840 3895 897 3962 lib.
913 3914 951 3962 x.
967 3915 1041 3979 cap.
1056 3895 1086 3960 l.

314 4018 355 4082 ln
376 4018 552 4084 Comoedia
573 4017 717 4082 maxime
740 4014 985 4093 claudicamns;
1016 4012 1095 4076 licat
1116 4009 1227 4076 Varro
1255 4009 1354 4085 dicat,

272 4115 393 4183 Musas
407 4119 488 4184 AElii
511 4117 645 4184 Stilonis
667 4115 830 4180 sententia
847 4114 1001 4180 Plautino
1023 4129 1172 4178 sermone
1187 4109 1354 4176 locuturas
