3012 4892
277 374 321 440 50
613 391 748 440 vinnon
774 391 822 440 nr.
845 391 1035 440 conanum.

280 537 320 597 ob
334 533 485 596 avaritiam
499 532 611 593 luteum
626 532 722 592 datur.
764 533 900 613 Syrmata
919 531 999 592 dicta
1012 541 1083 592 sunt
1096 533 1134 592 ab
1148 551 1194 606 eo,
1215 530 1295 611 quod
1312 543 1371 594 tra·

279 635 406 694 huntur:
427 651 494 710 quae
508 649 555 690 res
569 630 607 688 ab
621 631 738 689 scenica
756 629 871 688 luxuria
892 629 1027 688 instituta
1038 639 1095 689 est.
1136 629 1292 690 Eudemia
1308 630 1372 689 luc·

279 729 374 790 tuosis
387 726 520 808 personis
534 725 675 785 incuriam
690 725 734 784 sui
750 745 801 804 per
821 725 1031 804 negligentiam
1046 725 1223 804 significant.
1265 726 1372 785 Autaea

280 843 398 904 quoque
412 824 441 882 in
457 839 546 882 scena
558 820 668 880 intexta
682 831 870 887 sternuntur:
893 819 973 898 quod
999 821 1093 898 pictos
1109 835 1230 878 ornatus
1245 833 1319 893 erat,
1333 840 1371 880 ex

279 919 441 980 Attalica¹⁹
463 919 543 996 regia
557 917 681 976 Romam
695 935 789 996 nsque
813 915 965 995 perlatus:
986 933 1040 994 pro
1054 915 1161 996 quibus
1176 916 1283 994 siparia
1296 927 1371 978 aetas

277 1015 421 1094 posterior
447 1013 571 1092 accepit.
625 1013 679 1071 Est
702 1021 798 1071 autem
823 1010 970 1072 mimicum
993 1008 1128 1084 velum,¹⁰
1155 1011 1235 1090 quod
1258 1012 1372 1091 populo

278 1109 405 1181 obsistit,
418 1107 488 1168 dum
504 1109 679 1168 Fabularum
693 1118 777 1168 actus
792 1118 1017 1168 commutantur.
1061 1108 1200 1167 Diverbia
1212 1108 1372 1170 histriones

278 1205 519 1285 pronuntiabant.
560 1205 686 1265 Cantica
699 1225 767 1266 vero
782 1205 1022 1283 temperabantur
1045 1203 1140 1263 modis
1158 1223 1218 1264 non
1240 1223 1259 1262 a
1271 1206 1372 1283 poeta,

279 1300 333 1360 sed
348 1319 366 1359 a
380 1301 473 1380 perito
488 1301 559 1359 artis
573 1300 693 1359 mueicea
708 1300 805 1361 tactis.
836 1299 941 1379 Neque
956 1299 1034 1360 enim
1048 1300 1147 1360 omnia
1158 1299 1259 1359 iisdem
1275 1299 1373 1360 modis

277 1397 309 1456 in
322 1395 510 1456 unocautico
525 1395 698 1474 agebantur,
721 1395 775 1455 sed
799 1414 880 1476 soepa
894 1395 1027 1457 mutatis.
1068 1395 1110 1454 Ut
1133 1394 1302 1474 significant
1321 1397 1374 1474 qui

244 1527 251 1556 ι
276 1502 337 1552 tres
346 1509 488 1568 ,numeros
502 1491 531 1548 in
545 1491 694 1551 comoediis
708 1503 834 1570 ponunt,
858 1494 909 1571 qui
928 1509 987 1552 tres
1002 1491 1154 1552 contiueat
1165 1500 1294 1551 mutatos
1309 1511 1373 1552 nao-

278 1587 334 1646 dos
358 1585 465 1646 cantici
488 1585 577 1646 iltius.
618 1586 676 1654 Qui
699 1585 868 1665 hujusmodi
892 1587 997 1647 modos
1023 1587 1181 1660 faciebant,
1207 1604 1315 1646 nomen
1340 1587 1372 1646 in

277 1681 419 1760 principio
429 1681 550 1742 Fabulae
560 1692 591 1742 ct
601 1681 750 1760 scriptoris
761 1691 792 1742 et
802 1681 909 1742 actoris
923 1681 1171 1761 superponebant.
1193 1681 1373 1760 Hujusmodi

278 1777 354 1837 adeo
367 1777 498 1838 carmina
511 1777 549 1837 ad
563 1775 650 1838 tibias
664 1777 785 1850 fiebant,
799 1769 892 1838 uthis
908 1776 1016 1837 auditis
1028 1775 1112 1836 multi
1126 1794 1164 1836 ex
1177 1775 1288 1856 populo
1301 1787 1373 1838 ante

279 1871 435 1943 discerent,
462 1891 550 1951 quam
576 1871 721 1931 Fabulam
746 1873 840 1934 acturi
867 1872 975 1934 scenici
1000 1882 1111 1945 essent,
1139 1867 1228 1953 qnam
1251 1873 1373 1934 omnino

279 1967 492 2046 spectatoribus
506 1967 577 2046 ipsis
598 1967 777 2028 antecedens
793 1967 896 2030 titulus
911 1969 1157 2049 pronuntiaretur.
1199 1969 1373 2047 Agebantur

278 2072 376 2122 autem
388 2061 466 2121 tibiis
480 2060 600 2140 paribus
615 2071 666 2122 aut
679 2061 849 2141 imparibus,
863 2073 894 2123 et
908 2063 1018 2124 dextris
1029 2071 1081 2122 aut
1091 2061 1227 2124 sinistris.
1249 2063 1372 2124 Dextrae

278 2165 375 2216 autem
389 2167 421 2217 et
434 2155 535 2236 Lydius
548 2175 603 2216 sua
615 2157 757 2237 gravitme
772 2159 878 2220 scriem
892 2158 1054 2222 Comoedia
1069 2159 1226 2219 dictionem
1240 2177 1373 2238 pronun·

277 2251 401 2311 tiabant.
442 2251 574 2312 sinistrae
584 2261 615 2311 et
627 2253 762 2312 Serranae
773 2255 916 2314 acuminis
929 2254 1048 2315 levitate
1057 2252 1159 2333 jocum
1172 2255 1202 2314 in
1217 2253 1373 2315 Comoedia

276 2345 484 2406 ostendebant.
525 2347 582 2408 Ubi
602 2357 698 2408 autem
718 2348 821 2410 dextra
834 2360 864 2410 et
878 2351 996 2411 sinistra
1009 2359 1077 2409 acta
1091 2348 1204 2411 Fabula
1225 2349 1372 2412 inscribe-

277 2443 373 2514 baur,
392 2441 501 2504 mistim
520 2442 581 2523 joci
600 2452 630 2504 et
646 2445 805 2523 gravitates
819 2441 1079 2508 denuntiabantur.

525 2861 565 2927 L.
594 2860 877 2930 VICTORIS
907 2864 1125 2936 FAUS'l'lv

691 2998 743 3048 nn
764 2997 947 3051 conanum

739 3131 912 3175 LIBRUM!-

357 3247 419 3310 Sim
431 3250 528 3313 brevis
542 3271 636 3332 usqua
650 3252 719 3316 iicet
731 3266 862 3318 veterum
876 3256 914 3318 de
927 3277 1008 3319 more
1021 3259 1160 3337 libellus,

395 3343 505 3424 Meque
519 3365 604 3407 snum
618 3349 775 3429 quisquam
789 3363 919 3432 nequeat
934 3373 1086 3417 asserere:

355 3437 419 3498 Nec
433 3439 523 3502 triviis
537 3443 659 3524 vulgata
672 3446 774 3520 semro,
788 3448 963 3529 decerptave
977 3451 1099 3531 passim,

394 3535 458 3596 Nec
472 3537 595 3616 proinde
609 3540 688 3602 elata
701 3542 796 3604 t'route
811 3546 955 3624 superbus
971 3564 1056 3605 eam:

307 3707 800 3780 taaaetaattmegta18u.1ntteus
838 3723 864 3772 t.
891 3719 972 3770 ‘Cum
990 3720 1047 3784 ejas
1068 3727 1204 3772 accusator
1226 3723 1253 3773 in
1275 3724 1371 3790 sipario

271 3781 316 3832 ttb.
327 3797 383 3835 ιιι.
399 3785 537 3850 ‘Quaque
559 3788 681 3842 Attattcts
701 3794 801 3844 ιιιίιιι
839 3794 956 3844 omnibus
967 3795 1039 3854 locis,
1049 3797 1195 3846 rotundum
1205 3811 1263 3849 eom
1272 3799 1299 3849 tn
1311 3814 1370 3850 ner·

271 3873 320 3923 per
343 3867 427 3911 artem
449 3862 547 3934 Antaeis
566 3867 714 3919 scribuntur
735 3872 800 3924 acu.¹
840 3885 881 3934 vo,
897 3879 942 3921 aut
953 3873 986 3922 ab
998 3873 1088 3922 amicis
1099 3873 1246 3924 redemtum
1259 3889 1292 3926 ex
1312 3878 1371 3929 ates

270 3935 311 3984 Id.
476 3981 483 3994 ,
840 3946 983 4011 pinxisset!
1024 3949 1091 4000 Hac
1114 3949 1205 4001 eadem
1225 3965 1274 4002 soa
1296 3956 1372 4004 reatt-

303 4013 335 4058 tto
352 4011 477 4062 Μϋιιίειιιιι
492 4015 581 4080 seha]
597 4017 664 4068 Hac
682 4031 743 4069 rara
757 4026 798 4071 est
837 4021 932 4073 tuende
950 4029 991 4073 est
1005 4024 1096 4075 Servio
1116 4025 1142 4076 tn
1162 4026 1259 4092 (ἔειπε.
1275 4030 1369 4094 Vtrgtt.

271 4081 358 4134 tectio.
390 4084 468 4151 Aput.
495 4088 641 4152 ‘siparium
667 4093 796 4144 mimicum
835 4097 897 4148 th.
912 4099 1022 4150 Fest.et
1039 4100 1161 4155 Juvenal.
1179 4104 1314 4158 scaettae.
1333 4109 1368 4162 ad

271 4155 417 4212 dimoveto:
450 4161 603 4216 antatium.
621 4165 795 4233 lttr.r1.csp.
835 4171 921 4239 satyr.
932 4187 995 4230 rur.
1007 4176 1101 4230 etatltr
1119 4178 1158 4232 Id.
