2972 4900
534 391 786 442 nnourrrrnrs.
1137 381 1203 452 m

108 531 228 594 tenendi
251 533 425 614 spectatoris
445 551 538 593 causa
551 534 615 593 vuit
628 534 721 594 Pobta
734 543 834 595 nostm
847 553 949 596 omnes
963 535 1093 615 quinque
1108 537 1201 600 Actus

109 627 297 689 reiutunum
312 629 384 702 fieri,
405 647 442 688 ne
460 628 582 707 respiret
604 630 842 707 quodammodo:
864 639 964 708 atque,
988 630 1127 692 distincta
1149 634 1203 694 ali-

108 725 176 786 cubi
189 725 413 786 continuatione
427 721 648 784 succedentium
668 744 773 796 rerum,
794 735 862 785 ante
879 727 974 786 aulea
988 727 1106 787 sublata
1119 728 1202 788 fasti·

107 820 209 880 diosus
223 830 373 900 spectator
388 829 538 897 exsurgat.
579 819 657 877 Acta
680 819 768 898 plane
793 832 839 880 est
864 820 954 880 Ludis
969 821 1201 900 Megalensibus,

108 915 142 976 l..
156 915 322 986 Postumio,
344 917 378 974 L.
394 914 533 974 Cornelio
548 913 694 973 AEdiiibus
709 914 888 975 Curulibus:
909 918 998 976 ctiam
1013 927 1082 978 tunc
1102 938 1202 997 perso·

107 1011 186 1072 natis
208 1013 242 1070 L.
258 1011 397 1071 Numidio
419 1009 583 1080 Postumio,
609 1009 640 1068 L.
665 1009 799 1070 Ambivio
820 1011 989 1090 Turpione:
1011 1012 1080 1086 item
1098 1014 1202 1074 modu-

10 1095 11 1100 *
106 1109 188 1168 lanta
204 1106 312 1167 Flacco
325 1105 450 1166 Claudio
462 1105 540 1164 tibiis
556 1103 660 1164 dextra
679 1115 711 1164 et
732 1105 851 1165 sinistre
876 1109 914 1166 ob
933 1107 1088 1186 jocularia,
1108 1109 1202 1170 multa

107 1203 252 1281 permixte
266 1203 418 1282 grantate.
459 1201 499 1258 Et
512 1211 579 1261 acta
593 1211 640 1260 est
659 1211 742 1260 tanto
764 1220 905 1262 successu
928 1221 963 1262 ac
983 1199 1089 1280 plausu
1114 1213 1201 1284 atque

107 1295 261 1375 suffragio,
282 1307 316 1356 ut
339 1314 440 1356 rursus
462 1305 542 1356 esset
565 1294 696 1368 vendita,
717 1305 748 1356 et
771 1305 906 1374 ageretur
920 1295 1025 1357 iterum
1039 1317 1200 1376 pronora:

107 1409 220 1471 proque
234 1411 271 1452 ea
287 1393 424 1474 pretium,
445 1391 526 1471 quod
541 1391 614 1451 nulii
629 1402 698 1452 ante
712 1391 804 1472 ipsam
821 1391 963 1452 Fabulam
977 1393 1112 1472 contigit,
1132 1406 1202 1456 octo

106 1488 237 1548 millibus
251 1489 417 1549 sestertium
439 1497 627 1548 numerarent
648 1487 760 1547 Pobtre.
802 1487 979 1548 Proverbia¹
1005 1487 1099 1549 multe
1120 1509 1201 1569 saepe

107 1585 308 1662 pronuntiata,
328 1593 359 1646 et
379 1583 496 1645 cantica
519 1601 599 1663 sepe
612 1583 733 1642 mutatis
746 1581 841 1642 modis
855 1582 983 1643 exhibita
1006 1593 1086 1645 sunt.
1126 1585 1202 1662 Προ-

106 1681 220 1740 rnrrrdv
232 1683 381 1758 πρόσωπον
393 1697 539 1758 nusquam
552 1677 660 1738 habet:
682 1677 735 1737 sed
750 1677 812 1736 suis
826 1687 940 1737 tantum
954 1679 1088 1758 personis
1101 1679 1200 1740 utitur.

107 1775 142 1836 ln
156 1774 215 1835 hac
228 1775 381 1836 Terentius
396 1774 525 1836 delectet
537 1773 671 1833 facetiis:
692 1771 815 1854 prodest
834 1773 975 1854 exemplis
988 1793 996 1833 r
1018 1784 1049 1835 et
1062 1775 1133 1836 vitia
1146 1777 1200 1838 ho·

106 1870 218 1929 minum
231 1869 322 1949 paulo
336 1869 513 1940 mordacius,
533 1885 622 1946 quam
636 1867 667 1926 in
680 1867 785 1926 ceteris
800 1868 905 1946 carpit.
945 1868 1089 1948 Exempla
1102 1880 1200 1932 autem

106 1983 220 2026 morum
234 1964 283 2024 bio
297 1964 353 2024 tria
365 1963 515 2044 praecipua
528 1973 740 2043 proponuntur,
755 1964 859 2024 urbani
870 1963 994 2038 scilicet,
1007 1966 1139 2044 parasiti,
1152 1965 1202 2027 et²

105 2059 248 2120 militaria.
270 2059 346 2120 Haec
359 2059 439 2120 edita
452 2059 569 2120 tertium
583 2069 639 2132 est,
653 2069 684 2120 et
696 2060 1073 2140 pronuntiata,Tennrrr11
1087 2063 1201 2122 Eunu·

107 2170 216 2214 enus:
237 2153 346 2236 quippe
362 2153 426 2234 jam
448 2155 551 2214 adulta
570 2153 824 2215 commendatione
845 2154 957 2227 Poetae,
980 2175 1016 2215 ac
1031 2157 1141 2216 meritis
1156 2157 1201 2216 in·

106 2249 186 2328 genii
210 2250 372 2312 notioribus
386 2251 504 2330 populo.
549 2251 641 2310 Facta
656 2259 753 2310 autem
768 2269 804 2310 ex
816 2248 932 2310 duabus
946 2249 1059 2311 Graecis
1073 2271 1134 2312 una
1155 2261 1202 2312 est

106 2345 224 2434 Latina.
264 2343 342 2406 Nam
356 2363 392 2405 ex
406 2345 572 2406 Eurucao
586 2355 617 2406 et
636 2345 779 2419 Coenon,
804 2343 961 2406 Menandri
984 2345 1115 2420 Fabulis,
1134 2347 1200 2408 hoec

107 2439 295 2500 Ennncrrns
309 2441 486 2501 Terentiana
500 2441 611 2522 scriptu
624 2451 681 2516 est,
702 2459 762 2501 non
786 2441 850 2500 nine
863 2440 994 2514 crimine,
1014 2441 1094 2521 quod
1108 2443 1201 2504 multa

104 2535 134 2592 in
147 2534 227 2595 hanc
241 2536 385 2597 translata
398 2537 458 2596 sint
471 2555 506 2596 ex
520 2537 619 2596 multis
638 2536 738 2597 Poetis
761 2536 891 2597 Latinis:
913 2537 994 2616 quod
1018 2548 1125 2611 toturn,
1147 2557 1199 2618 per

104 2629 265 2711 Prologum
279 2642 387 2714 purgat
400 2643 489 2711 atque
503 2631 645 2693 defendit.

162 2803 167 2812 '
268 2799 282 2846 l
301 2795 418 2862 Legend.
429 2795 543 2847 arbitror
553 2795 677 2846 Dioerbiu.
688 2793 764 2845 Lind.
818 2800 834 2847 2
855 2795 886 2846 Et
897 2797 996 2848 omittit
1007 2797 1039 2848 z.

221 3237 310 3287 Rbil
337 3237 479 3287 nonn'rt
504 3235 773 3286 ARGUMENTUM
798 3234 838 3284 IN
866 3232 1092 3282 RUNUOHUM·

104 3384 207 3436 nrm
219 3383 336 3448 qondam
347 3399 381 3436 ex
392 3383 483 3435 Attica
499 3383 570 3446 virgo
582 3383 686 3445 nobilis,
702 3389 780 3446 atque
796 3379 923 3432 abducts¹
942 3385 984 3430 cst
1000 3380 1135 3439 Rhodum
1152 3378 1198 3429 ibi·

137 3479 188 3530 que
200 3465 278 3514 matri
288 3465 393 3514 Thaidis
403 3463 548 3514 meretricis
559 3463 592 3513 ab
603 3464 687 3513 amico
698 3463 766 3512 donn
779 3461 840 3511 dats
851 3467 900 3524 est,
915 3467 943 3511 et
959 3460 1071 3510 educata
1082 3459 1153 3508 vetut
1163 3471 1202 3506 sn·

136 3557 190 3604 ror,
201 3557 253 3592 nnn
263 3557 322 3592 cnm
332 3542 385 3594 fitis
397 3543 507 3593 'l'bside
537 3543 590 3592 Sed
601 3543 688 3605 unsis,
697 3543 791 3591 relicta
804 3547 897 3603 matre,
908 3539 999 3590 Rhodo
1009 3553 1067 3588 cnm
1087 3543 1199 3585 amatore

135 3623 246 3688 quodam
258 3623 375 3672 Attienus
385 3637 414 3673 se
424 3623 552 3672 contulit:
569 3623 603 3672 ab
614 3635 695 3687 eoque
707 3623 788 3671 barres
800 3621 920 3670 instituto
930 3626 1041 3680 mortuo,
1057 3629 1116 3664 mox
1127 3630 1142 3663 ι
1154 3616 1200 3664 rni-

135 3705 183 3754 tite
201 3703 333 3752 Thrasone
353 3703 511 3766 dittgebntnr
531 3703 615 3754 nimir.
656 3703 708 3754 out
727 3715 785 3752 cunr
805 3699 916 3750 Atbsnts
937 3695 1073 3762 profectus
1092 3702 1201 3744 matrem

134 3783 377 3834 'l'baidisurortosnr
390 3781 472 3833 Rhodi
485 3783 663 3847 comperisset,
681 3787 707 3830 et
725 3795 782 3830 enm
800 3779 934 3844 virginem,
944 3789 1018 3841 quam
1031 3773 1150 3837 diximus,
1166 3773 1199 3823 sb

132 3863 282 3914 heredibus
293 3869 401 3912 mortuns
414 3862 637 3912 animadvertisset
648 3873 740 3910 renum
751 3873 807 3909 eus
819 3851 992 3922 propositam
1003 3854 1118 3920 quumvis
1129 3855 1199 3917 igna-

134 3959 177 3994 rus
189 3957 278 3994 rernm
297 3943 419 4003 omnium,
437 3943 500 3993 eruit
518 3951 616 4002 umen,
633 3947 661 3991 ct
679 3940 747 3990 dono
766 3946 857 3989 arunte
875 3937 966 3988 munt
982 3936 1054 3986 rexit
1072 3933 1199 3984 Athenas.

134 4025 243 4080 Verum.
263 4031 400 4090 postquam
418 4023 560 4075 adveniens
579 4023 684 4074 rirntern
703 4021 850 4072 Phedriarn
875 4019 944 4084 apud
968 4020 1075 4070 aninum
1094 4019 1199 4082 reperit,

535 4190 546 4236 Ι
566 4183 674 4234 Adducto
685 4183 768 4234 West.
