2948 4890
235 331 281 398 90
463 339 646 393 crutaris
668 339 815 390 uurusu
843 339 1104 390 nrasnurirro.

239 489 323 549 Alter
335 485 412 545 enim
423 483 527 544 vitium
541 483 654 544 Cratini
668 482 762 543 ridete
777 481 853 543 alter
865 479 961 542 Nmrii
975 481 1130 542 miseriam.
1165 479 1333 542 Ridiculum

238 593 340 645 autem
353 600 371 640 a
383 581 502 640 miseria
515 579 675 660 prudenter
689 578 864 639 Aristoteles
878 577 1017 656 sejungit.
1059 577 1149 637 Risus
1171 577 1250 637 enim
1267 597 1335 638 cum

238 679 333 740 etroci
344 690 348 703 ¹
358 676 484 756 alicujus
511 676 588 736 mulo
609 686 662 736 eut
674 675 840 738 calamitate
855 677 880 736 si
894 675 1069 754 conjunctus
1084 674 1132 746 sit,
1155 675 1291 735 immanis
1305 675 1338 734 iit

240 795 278 838 ac
290 776 442 836 barbarus.
484 772 541 834 llle
554 781 652 834 autem
666 771 755 853 plene
768 781 852 832 extra
866 771 959 832 Norm
973 770 1070 850 legem
1085 769 1247 830 Commdiee
1261 791 1269 830 :

321 923 381 993 Qui
394 921 543 1004 perjurum
555 921 713 984 convenire
728 919 790 980 vult
804 917 965 994 hominem,
978 920 1064 1008 mittq
1078 921 1107 980 in
1121 921 1271 980 comitium
1284 942 1293 990 ;

325 1021 385 1090 Qui
399 1019 571 1081 mendacem
585 1029 615 1081 et
629 1017 800 1100 gloriosum,
815 1017 896 1098 apud
907 1016 1058 1078 Cloaciuea
1070 1035 1196 1077 sacrum.

245 1165 364 1244 litque
378 1161 487 1224 deinde
497 1171 669 1241 sequuntur.
712 1159 800 1229 Quod
814 1160 948 1242 proiecto
962 1169 1010 1220 est
1022 1179 1042 1220 a
1054 1159 1169 1242 pulpito
1182 1159 1223 1220 ad
1235 1159 1338 1240 plaus-

243 1271 322 1322 trum
336 1257 440 1319 redire.
482 1260 577 1339 Legat
590 1268 690 1320 cetera
713 1259 764 1338 qui
778 1257 866 1318 volet
907 1255 968 1318 Sed
986 1256 1063 1330 hoec,
1077 1263 1113 1317 As
1126 1259 1158 1318 iv
1171 1261 1341 1337 rpodcuplar

242 1363 333 1436 piper,
347 1354 441 1417 obiter
454 1355 514 1416 sint
524 1354 615 1416 dicta.
656 1353 756 1425 Nunc,
775 1351 885 1432 ingenii
899 1351 1054 1414 exercendi
1078 1371 1170 1422 cauea
1184 1371 1219 1414 ac
1235 1353 1341 1432 judieii

243 1453 286 1514 nd
300 1452 544 1533 singulaeemus,
572 1461 603 1512 et
624 1461 781 1532 utrumque
805 1450 894 1530 paulo
906 1467 996 1528 quam
1015 1449 1148 1529 plerique
1171 1451 1341 1510 accuratius

245 1549 446 1628 inspiciemus.
487 1547 618 1608 Primum
631 1548 662 1607 in
682 1545 837 1609 Commdie
858 1545 1084 1626 Tragoediaque,
1104 1555 1153 1606 est
1167 1545 1341 1627 Dispositio.

246 1645 353 1726 Neque
367 1644 575 1717 dubitandum,
589 1645 672 1725 quin,
686 1664 753 1705 cum
765 1643 940 1704 Aristotelea
950 1643 989 1704 de
998 1643 1200 1724 Dispositione
1211 1642 1344 1722 disputet

247 1741 424 1823 Tragoedioe,
437 1742 525 1803 etiem
539 1741 700 1802 Commdiea
713 1761 750 1803 ex
762 1741 797 1802 iis
807 1740 1110 1822 convenirepleraque
1124 1737 1344 1814 existimaverit,

245 1839 306 1898 nisi
333 1839 426 1919 quod,
449 1849 483 1899 ut
509 1839 652 1918 Tragicos
680 1838 822 1919 disponit,
849 1839 891 1898 ita
912 1838 1052 1898 Comicus
1076 1855 1195 1916 quoque
1222 1835 1343 1895 invenit

249 1935 333 1996 Alter
346 1935 425 1996 enim
439 1935 547 2017 accipit
559 1937 596 1995 ab
616 1936 698 1996 aliis:
721 1936 794 1996 alter
814 1936 877 2016 ipae
892 1936 946 1996 sibi
964 1935 1017 1994 det
1030 1933 1110 2013 quod
1124 1931 1344 2014 disponendum

250 2041 313 2100 ert;
343 2033 400 2092 nisi
419 2032 445 2092 ei
467 2033 505 2092 ab
526 2032 583 2093 alio
608 2032 746 2094 desumat
769 2043 986 2114 argumentum,
1006 2041 1084 2092 certe
1107 2029 1187 2110 apud
1210 2030 1343 2089 Grrecos.

252 2126 330 2186 Nam
344 2126 439 2188 Latini
465 2127 591 2188 Fabulae
616 2128 799 2202 Grecorum,
824 2127 1026 2207 Dispositioue
1050 2125 1267 2206 aliquantulum
1280 2123 1343 2204 ple·

252 2243 374 2302 rumque
388 2223 541 2285 immutata
553 2235 584 2284 et
596 2226 741 2306 personis,
761 2233 980 2305 expresserunt.
1023 2225 1063 2284 Ut
1075 2242 1143 2284 cum
1158 2243 1175 2283 e
1190 2219 1348 2283 Menandri

253 2319 399 2380 Eunucho
414 2339 496 2382 sunm
511 2323 615 2400 paucis
629 2323 789 2382 immutatis
802 2323 957 2383 Terentius
972 2321 1124 2402 expressit.
1166 2321 1210 2380 Eu
1223 2319 1346 2388 ratione,

255 2429 289 2475 ut
304 2416 406 2476 Dauus
432 2415 587 2490 Parmeno,
612 2419 733 2499 Chrysis
748 2420 849 2492 Thais,
874 2418 1088 2479 Chaerestratus
1103 2417 1151 2478 hic
1166 2427 1246 2476 esset
1259 2415 1348 2475 Phoe-

256 2511 327 2571 dria.
370 2510 505 2584 Plautus,
520 2513 549 2571 iu
563 2514 817 2593 Tragion-comico
832 2515 1054 2596 Amphitryone,
1065 2533 1145 2574 more
1158 2513 1348 2592 Tragicorum

171 2661 180 2673 ,
257 2607 398 2666 Fabulam
420 2609 533 2686 accepit
557 2620 587 2670 et
610 2610 774 2690 disposuit:
797 2609 850 2672 sed
874 2619 905 2672 et
923 2609 1044 2669 nomina
1064 2611 1184 2669 retinuit
1204 2627 1240 2668 ex
1254 2617 1349 2687 parte,

257 2703 339 2783 quod
361 2723 421 2764 non
442 2704 518 2764 solet
536 2705 566 2764 in
589 2705 762 2766 Comoedia:
784 2726 821 2765 ex
844 2705 1036 2785 pudefecit.
1079 2705 1166 2766 Unde
1180 2723 1256 2778 raro,
1269 2705 1351 2764 inre·

257 2800 338 2860 uisse
362 2811 565 2879 argumentum
587 2801 729 2881 Tragicus
750 2801 845 2863 Poeta
858 2801 975 2874 dicitur,
999 2801 1091 2882 (quod
1114 2811 1166 2862 aut
1179 2821 1196 2861 e
1210 2803 1351 2862 relatione

258 2896 382 2956 eliorum
396 2909 478 2955 aute
495 2896 621 2976 scriptio,
642 2907 677 2956 ut
698 2897 828 2978 plerique
850 2915 887 2956 ex
909 2897 1038 2958 ilomero
1062 2907 1115 2957 aut
1139 2897 1232 2978 Cyclo
1247 2897 1351 2978 Epico,

257 2991 399 3071 petebant
411 2995 432 3068 z)
452 3002 556 3051 contra
569 3003 667 3052 eutem
682 2993 806 3054 Comici.
848 2993 1034 3067 Aristoteles,
1047 2995 1077 3055 ri
1091 2992 1123 3053 tt
1135 2994 1235 3073 pibone
1248 2999 1351 3066 ποιεῖν,

256 3088 430 3167 Ἐτῖχιιρμοι
449 3091 495 3146 καὶ
516 3087 615 3167 Φόρμιι
629 3087 723 3170 ἦρξαν.
764 3089 810 3150 lta
828 3109 893 3150 eam
908 3109 1019 3163 vocem,
1034 3109 1094 3148 non
1115 3099 1149 3148 ut
1162 3088 1291 3170 quidam,
1304 3089 1353 3151 hic

260 3183 383 3262 occipio.
426 3185 524 3244 illidor
537 3185 625 3258 enim,
638 3195 672 3246 ut
684 3185 793 3265 ubique
817 3187 878 3246 lere
902 3187 1065 3260 Aristoteli,
1089 3205 1148 3245 nou
1171 3185 1274 3246 drama
1295 3195 1353 3260 est,

262 3279 316 3340 ted
330 3279 467 3352 ceaulin,
481 3300 498 3340 e
512 3299 572 3359 qua
586 3280 689 3341 drama
704 3283 902 3355 constituitur,
916 3286 933 3354 ἡ
947 3290 1051 3361 πρᾶξις,
1067 3287 1083 3355 ἡ
1097 3297 1144 3356 τῆς
1157 3287 1356 3362 πραγματείας

264 3379 415 3436 odoraris:
436 3376 584 3454 quomodo
606 3387 637 3436 et
650 3376 768 3456 accipit,
791 3397 859 3438 curu
882 3379 966 3451 dixit,
990 3384 1075 3458 μῦθοι
1096 3377 1120 3440 δ’
1147 3381 1224 3440 torio
1237 3375 1286 3454 cis,
1300 3383 1357 3462 οὑχ

263 3475 356 3549 ὥσπερ
369 3473 442 3531 τινὲς
455 3473 573 3556 cineret,
587 3475 639 3533 ἐὰν
652 3478 715 3552 cepi
730 3475 782 3535 ἕνα
797 3471 826 3559 d·
868 3475 907 3534 Et
926 3477 990 3554 ipse
1008 3475 1182 3556 rollupidaus
1192 3495 1243 3537 eos
1257 3487 1356 3549 vocat,

263 3568 315 3647 qui
329 3567 376 3626 rel
389 3567 495 3640 varius,
508 3569 555 3629 rel
569 3589 636 3648 quea
650 3571 906 3650 temporeeodem,
918 3572 955 3631 ab
970 3572 1038 3644 alio,
1052 3591 1112 3632 non
1129 3591 1199 3647 uno,
1208 3583 1238 3632 et
1247 3572 1353 3632 eodem

264 3672 358 3743 gestie
373 3674 452 3736 runt,
466 3663 660 3744 conjungunt.
708 3665 839 3746 ideoque
866 3667 1007 3727 Fabulam
1030 3667 1149 3747 eligere,
1176 3677 1208 3728 et
1230 3663 1357 3728 electam

264 3769 344 3821 recte
357 3779 393 3822 ae
407 3759 509 3820 ordine
530 3761 695 3842 disponere,
710 3775 743 3824 ut
756 3764 850 3843 prima
867 3763 970 3837 virtus,
989 3764 1032 3824 ita
1043 3764 1169 3844 primum
1183 3764 1358 3824 marimum·

265 3875 325 3935 que
338 3874 413 3936 opus
427 3867 483 3918 est.
513 3858 547 3916 lu
563 3857 773 3941 Amphitryone
786 3879 970 3921 mereamus.
1004 3861 1093 3934 Nam,
1107 3873 1141 3920 ut
1151 3869 1361 3940 argumentum

265 3953 322 4013 hoc
337 3953 460 4034 aceepit,
479 3954 520 4015 ita
533 3955 597 4034 ipse
610 3975 648 4016 ex
669 3957 759 4016 animi
781 3957 929 4018 sententia
942 3957 1097 4037 disposuit.
1130 3959 1238 4044 ‘Quare
1253 3957 1360 4037 potuit,

267 4058 302 4108 ut
314 4050 416 4122 voluit,
440 4049 532 4128 ligare
557 4051 699 4114 Fabulam
714 4073 749 4115 ac
768 4055 890 4114 solvere.
933 4055 966 4113 ln
981 4073 1018 4114 ea
1040 4055 1129 4134 igitur
1148 4053 1248 4112 divina
1262 4045 1360 4115 ltere:

267 4143 341 4206 mira
354 4145 431 4206 enim
446 4147 557 4209 ratione
570 4149 728 4230 impeditur
749 4151 862 4214 Fabula
873 4161 903 4213 et
915 4151 1067 4214 intricatur
1081 4149 1168 4212 actio.
1211 4151 1252 4212 At
1264 4155 1362 4212 uano·
