<?xml version="1.0" encoding="UTF-8"?>
<!DOCTYPE html PUBLIC "-//W3C//DTD XHTML 1.0 Transitional//EN"
    "http://www.w3.org/TR/xhtml1/DTD/xhtml1-transitional.dtd">
<html xmlns="http://www.w3.org/1999/xhtml" xml:lang="en" lang="en">
 <head>
  <title>
</title>
<meta http-equiv="Content-Type" content="text/html;charset=utf-8" />
  <meta name='ocr-system' content='tesseract 3.04.00' />
  <meta name='ocr-capabilities' content='ocr_page ocr_carea ocr_par ocr_line ocrx_word'/>
</head>
<body>
  <div class='ocr_page' id='page_1' title='image "./comoedisex05westgoog_0111.png"; bbox 0 0 2948 4890; ppageno 0'>
   <div class='ocr_carea' id='block_1_1' title="bbox 358 421 1217 490">
    <p class='ocr_par' dir='ltr' id='par_1_1' title="bbox 358 421 1217 490">
     <span class='ocr_line' id='line_1_1' title="bbox 358 421 1217 490; baseline 0.005 -10"><span class='ocrx_word' id='word_1_1' title='bbox 358 429 539 480; x_wconf 74' lang='lat' dir='ltr'>nanturra</span> <span class='ocrx_word' id='word_1_2' title='bbox 562 429 708 479; x_wconf 81' lang='lat' dir='ltr'>nnrnsrr</span> <span class='ocrx_word' id='word_1_3' title='bbox 733 431 993 484; x_wconf 74' lang='lat' dir='ltr'>nrsssnrarro.</span> <span class='ocrx_word' id='word_1_4' title='bbox 1154 421 1217 490; x_wconf 90' lang='lat'>101</span> 
     </span>
    </p>
   </div>
   <div class='ocr_carea' id='block_1_2' title="bbox 121 571 1220 2174">
    <p class='ocr_par' dir='ltr' id='par_1_2' title="bbox 121 571 1220 2174">
     <span class='ocr_line' id='line_1_2' title="bbox 123 571 1217 656; baseline 0.005 -23"><span class='ocrx_word' id='word_1_5' title='bbox 123 571 257 645; x_wconf 89' lang='lat' dir='ltr'>eruditis,</span> <span class='ocrx_word' id='word_1_6' title='bbox 271 572 361 632; x_wconf 86' lang='lat' dir='ltr'>etiam</span> <span class='ocrx_word' id='word_1_7' title='bbox 375 573 405 631; x_wconf 93' lang='lat' dir='ltr'>in</span> <span class='ocrx_word' id='word_1_8' title='bbox 420 575 638 656; x_wconf 89' lang='lat' dir='ltr'>scenaplacere</span> <span class='ocrx_word' id='word_1_9' title='bbox 653 586 704 635; x_wconf 88' lang='lat' dir='ltr'>aut</span> <span class='ocrx_word' id='word_1_10' title='bbox 717 573 845 636; x_wconf 86' lang='lat' dir='ltr'>debeant</span> <span class='ocrx_word' id='word_1_11' title='bbox 859 584 911 634; x_wconf 86' lang='lat' dir='ltr'>aut</span> <span class='ocrx_word' id='word_1_12' title='bbox 924 574 1049 654; x_wconf 88' lang='lat' dir='ltr'>possint,</span> <span class='ocrx_word' id='word_1_13' title='bbox 1062 585 1217 638; x_wconf 86' lang='lat' dir='ltr'>accuratus</span> 
     </span>
     <span class='ocr_line' id='line_1_3' title="bbox 122 667 1216 750; baseline 0.004 -22"><span class='ocrx_word' id='word_1_14' title='bbox 122 688 228 729; x_wconf 90' lang='lat' dir='ltr'>censor</span> <span class='ocrx_word' id='word_1_15' title='bbox 241 667 419 729; x_wconf 73' lang='lat' dir='ltr'>Plutarchus</span> <span class='ocrx_word' id='word_1_16' title='bbox 433 669 583 748; x_wconf 83' lang='lat' dir='ltr'>judicarit.</span> <span class='ocrx_word' id='word_1_17' title='bbox 624 671 683 731; x_wconf 85' lang='lat' dir='ltr'>Kal</span> <span class='ocrx_word' id='word_1_18' title='bbox 703 673 787 750; x_wconf 79' lang='grc' dir='ltr'>γὸρὸ</span> <span class='ocrx_word' id='word_1_19' title='bbox 805 675 859 750; x_wconf 76' lang='grc' dir='ltr'>μὲν</span> <span class='ocrx_word' id='word_1_20' title='bbox 872 671 1036 732; x_wconf 67' lang='grc' dir='ltr'>ἀπαίδευτοι</span> <span class='ocrx_word' id='word_1_21' title='bbox 1050 673 1095 730; x_wconf 72' lang='lat' dir='ltr'>:al</span> <span class='ocrx_word' id='word_1_22' title='bbox 1110 671 1216 744; x_wconf 72' lang='grc' dir='ltr'>Ιὸιῶπηι</span> 
     </span>
     <span class='ocr_line' id='line_1_4' title="bbox 122 762 1218 849; baseline 0.005 -27"><span class='ocrx_word' id='word_1_23' title='bbox 122 762 162 823; x_wconf 85' lang='lat' dir='ltr'>ols</span> <span class='ocrx_word' id='word_1_24' title='bbox 176 765 280 826; x_wconf 77' lang='grc' dir='ltr'>ἐπεῖναι</span> <span class='ocrx_word' id='word_1_25' title='bbox 293 769 375 841; x_wconf 80' lang='grc' dir='ltr'>λέγει</span> <span class='ocrx_word' id='word_1_26' title='bbox 393 769 549 826; x_wconf 74' lang='grc' dir='ltr'>ἁλίσκεται·</span> <span class='ocrx_word' id='word_1_27' title='bbox 575 769 591 826; x_wconf 85' lang='grc' dir='ltr'><strong><em>ὁ</em></strong></span> <span class='ocrx_word' id='word_1_28' title='bbox 605 765 638 826; x_wconf 79' lang='grc' dir='ltr'>δὲ</span> <span class='ocrx_word' id='word_1_29' title='bbox 660 765 881 848; x_wconf 71' lang='grc' dir='ltr'>πεπαιδευμένοι</span> <span class='ocrx_word' id='word_1_30' title='bbox 900 765 1079 849; x_wconf 75' lang='grc' dir='ltr'><strong><em>δυσχερανεῖ.</em></strong></span> <span class='ocrx_word' id='word_1_31' title='bbox 1093 771 1172 844; x_wconf 68' lang='grc' dir='ltr'>λέγω</span> <span class='ocrx_word' id='word_1_32' title='bbox 1185 767 1218 828; x_wconf 75' lang='grc' dir='ltr'>δὲ</span> 
     </span>
     <span class='ocr_line' id='line_1_5' title="bbox 121 863 1218 942; baseline 0.005 -23"><span class='ocrx_word' id='word_1_33' title='bbox 121 865 155 920; x_wconf 75' lang='grc' dir='ltr'>τὰ</span> <span class='ocrx_word' id='word_1_34' title='bbox 168 863 313 934; x_wconf 70' lang='grc' dir='ltr'>ἀντίθετα,</span> <span class='ocrx_word' id='word_1_35' title='bbox 327 863 373 921; x_wconf 86' lang='lat' dir='ltr'>rcl</span> <span class='ocrx_word' id='word_1_36' title='bbox 387 863 570 939; x_wconf 70' lang='grc' dir='ltr'>ὁμοιόπτωτα,</span> <span class='ocrx_word' id='word_1_37' title='bbox 584 867 629 924; x_wconf 81' lang='lat' dir='ltr'>rol</span> <span class='ocrx_word' id='word_1_38' title='bbox 642 868 862 942; x_wconf 80' lang='grc' dir='ltr'>παμοναμασίαι.</span> <span class='ocrx_word' id='word_1_39' title='bbox 872 869 974 924; x_wconf 78' lang='lat' dir='ltr'>ron&#39;rotr</span> <span class='ocrx_word' id='word_1_40' title='bbox 984 867 1040 942; x_wconf 80' lang='grc' dir='ltr'>γὰρ</span> <span class='ocrx_word' id='word_1_41' title='bbox 1053 865 1068 922; x_wconf 87' lang='lat' dir='ltr'>d</span> <span class='ocrx_word' id='word_1_42' title='bbox 1081 865 1135 942; x_wconf 74' lang='lat' dir='ltr'>ple</span> <span class='ocrx_word' id='word_1_43' title='bbox 1144 869 1218 942; x_wconf 79' lang='lat' dir='ltr'>perir</span> 
     </span>
     <span class='ocr_line' id='line_1_6' title="bbox 122 959 1218 1039; baseline 0.005 -23"><span class='ocrx_word' id='word_1_44' title='bbox 122 969 171 1016; x_wconf 79' lang='grc' dir='ltr'>τοῦ</span> <span class='ocrx_word' id='word_1_45' title='bbox 184 961 369 1033; x_wconf 71' lang='grc' dir='ltr'>προσήκοντος</span> <span class='ocrx_word' id='word_1_46' title='bbox 383 962 472 1034; x_wconf 81' lang='grc' dir='ltr'>λόγον</span> <span class='ocrx_word' id='word_1_47' title='bbox 489 962 533 1018; x_wconf 81' lang='lat' dir='ltr'>rol</span> <span class='ocrx_word' id='word_1_48' title='bbox 558 961 684 1036; x_wconf 75' lang='grc' dir='ltr'>ὀλιγάκις</span> <span class='ocrx_word' id='word_1_49' title='bbox 697 969 808 1039; x_wconf 78' lang='grc' dir='ltr'>χρῆται,</span> <span class='ocrx_word' id='word_1_50' title='bbox 831 959 993 1037; x_wconf 71' lang='grc' dir='ltr'>ἐπιμελείας</span> <span class='ocrx_word' id='word_1_51' title='bbox 1009 963 1081 1020; x_wconf 73' lang='lat' dir='ltr'>nitrd</span> <span class='ocrx_word' id='word_1_52' title='bbox 1093 962 1187 1034; x_wconf 69' lang='grc' dir='ltr'>ἆξιιῖιν·</span> <span class='ocrx_word' id='word_1_53' title='bbox 1202 962 1218 1022; x_wconf 84' lang='grc' dir='ltr'><strong>ὁ</strong></span> 
     </span>
     <span class='ocr_line' id='line_1_7' title="bbox 122 1051 1216 1136; baseline 0.003 -24"><span class='ocrx_word' id='word_1_54' title='bbox 122 1051 152 1112; x_wconf 78' lang='lat' dir='ltr'>tt</span> <span class='ocrx_word' id='word_1_55' title='bbox 165 1055 314 1127; x_wconf 71' lang='grc' dir='ltr'>πολλάκις,</span> <span class='ocrx_word' id='word_1_56' title='bbox 336 1057 381 1113; x_wconf 84' lang='lat' dir='ltr'>ral</span> <span class='ocrx_word' id='word_1_57' title='bbox 396 1057 444 1114; x_wconf 77' lang='lat' dir='ltr'>alr</span> <span class='ocrx_word' id='word_1_58' title='bbox 457 1059 595 1134; x_wconf 74' lang='grc' dir='ltr'>εὐιαίρυι,</span> <span class='ocrx_word' id='word_1_59' title='bbox 610 1058 656 1114; x_wconf 76' lang='grc' dir='ltr'>καὶ</span> <span class='ocrx_word' id='word_1_60' title='bbox 680 1055 801 1136; x_wconf 63' lang='lat' dir='ltr'>doxain.</span> <span class='ocrx_word' id='word_1_61' title='bbox 845 1054 884 1114; x_wconf 89' lang='lat' dir='ltr'>Et</span> <span class='ocrx_word' id='word_1_62' title='bbox 897 1053 1019 1114; x_wconf 79' lang='lat' dir='ltr'>adducit</span> <span class='ocrx_word' id='word_1_63' title='bbox 1032 1055 1216 1136; x_wconf 83' lang='lat' dir='ltr'>exemplum:</span> 
     </span>
     <span class='ocr_line' id='line_1_8' title="bbox 122 1147 1217 1231; baseline 0.005 -24"><span class='ocrx_word' id='word_1_64' title='bbox 122 1159 156 1208; x_wconf 90' lang='lat' dir='ltr'>ut</span> <span class='ocrx_word' id='word_1_65' title='bbox 168 1169 238 1210; x_wconf 89' lang='lat' dir='ltr'>cum</span> <span class='ocrx_word' id='word_1_66' title='bbox 253 1147 316 1209; x_wconf 76' lang='lat' dir='ltr'>raris</span> <span class='ocrx_word' id='word_1_67' title='bbox 328 1155 441 1226; x_wconf 75' lang='lat' dir='ltr'>suptar,</span> <span class='ocrx_word' id='word_1_68' title='bbox 464 1156 568 1230; x_wconf 76' lang='lat' dir='ltr'>lupius</span> <span class='ocrx_word' id='word_1_69' title='bbox 591 1159 688 1212; x_wconf 85' lang='lat' dir='ltr'>vocat.</span> <span class='ocrx_word' id='word_1_70' title='bbox 731 1151 819 1224; x_wconf 88' lang='lat' dir='ltr'>Narn,</span> <span class='ocrx_word' id='word_1_71' title='bbox 844 1171 910 1231; x_wconf 85' lang='lat' dir='ltr'>quea</span> <span class='ocrx_word' id='word_1_72' title='bbox 924 1151 972 1210; x_wconf 88' lang='lat' dir='ltr'>ille</span> <span class='ocrx_word' id='word_1_73' title='bbox 988 1149 1026 1210; x_wconf 90' lang='lat' dir='ltr'>de</span> <span class='ocrx_word' id='word_1_74' title='bbox 1041 1149 1217 1222; x_wconf 77' lang='lat' dir='ltr'>Menandro,</span> 
     </span>
     <span class='ocr_line' id='line_1_9' title="bbox 124 1244 1219 1328; baseline 0.002 -24"><span class='ocrx_word' id='word_1_75' title='bbox 124 1244 162 1304; x_wconf 91' lang='lat' dir='ltr'>ad</span> <span class='ocrx_word' id='word_1_76' title='bbox 175 1245 346 1306; x_wconf 82' lang='lat' dir='ltr'>Terentium</span> <span class='ocrx_word' id='word_1_77' title='bbox 359 1246 418 1307; x_wconf 80' lang='lat' dir='ltr'>iere</span> <span class='ocrx_word' id='word_1_78' title='bbox 433 1249 531 1306; x_wconf 85' lang='lat' dir='ltr'>omnia</span> <span class='ocrx_word' id='word_1_79' title='bbox 545 1248 645 1308; x_wconf 83' lang='lat' dir='ltr'>referri</span> <span class='ocrx_word' id='word_1_80' title='bbox 657 1257 803 1328; x_wconf 74' lang='lat' dir='ltr'>possunt:</span> <span class='ocrx_word' id='word_1_81' title='bbox 824 1247 928 1328; x_wconf 86' lang='lat' dir='ltr'>inquo</span> <span class='ocrx_word' id='word_1_82' title='bbox 942 1247 1013 1308; x_wconf 83' lang='lat' dir='ltr'>nihil</span> <span class='ocrx_word' id='word_1_83' title='bbox 1027 1245 1161 1326; x_wconf 88' lang='lat' dir='ltr'>putidum</span> <span class='ocrx_word' id='word_1_84' title='bbox 1172 1257 1219 1308; x_wconf 89' lang='lat' dir='ltr'>cst</span> 
     </span>
     <span class='ocr_line' id='line_1_10' title="bbox 124 1341 1218 1425; baseline 0.002 -25"><span class='ocrx_word' id='word_1_85' title='bbox 124 1352 174 1401; x_wconf 90' lang='lat' dir='ltr'>aut</span> <span class='ocrx_word' id='word_1_86' title='bbox 187 1342 332 1423; x_wconf 87' lang='lat' dir='ltr'>ineptum.</span> <span class='ocrx_word' id='word_1_87' title='bbox 374 1343 550 1423; x_wconf 80' lang='lat' dir='ltr'><strong>Quanquam</strong></span> <span class='ocrx_word' id='word_1_88' title='bbox 563 1343 666 1418; x_wconf 86' lang='lat' dir='ltr'>multa,</span> <span class='ocrx_word' id='word_1_89' title='bbox 689 1363 756 1424; x_wconf 76' lang='lat' dir='ltr'>qum</span> <span class='ocrx_word' id='word_1_90' title='bbox 770 1345 893 1416; x_wconf 82' lang='lat' dir='ltr'>notarit,</span> <span class='ocrx_word' id='word_1_91' title='bbox 909 1346 1007 1425; x_wconf 79' lang='lat' dir='ltr'>potius</span> <span class='ocrx_word' id='word_1_92' title='bbox 1021 1343 1145 1424; x_wconf 81' lang='lat' dir='ltr'>Antiqui</span> <span class='ocrx_word' id='word_1_93' title='bbox 1159 1341 1218 1402; x_wconf 88' lang='lat' dir='ltr'>Co·</span> 
     </span>
     <span class='ocr_line' id='line_1_11' title="bbox 123 1437 1220 1520; baseline 0.002 -24"><span class='ocrx_word' id='word_1_94' title='bbox 123 1437 191 1498; x_wconf 88' lang='lat' dir='ltr'>urici</span> <span class='ocrx_word' id='word_1_95' title='bbox 208 1439 344 1512; x_wconf 85' lang='lat' dir='ltr'>virtutes,</span> <span class='ocrx_word' id='word_1_96' title='bbox 367 1457 456 1518; x_wconf 91' lang='lat' dir='ltr'>quam</span> <span class='ocrx_word' id='word_1_97' title='bbox 480 1438 572 1512; x_wconf 90' lang='lat' dir='ltr'>illius,</span> <span class='ocrx_word' id='word_1_98' title='bbox 593 1439 631 1501; x_wconf 87' lang='lat' dir='ltr'>de</span> <span class='ocrx_word' id='word_1_99' title='bbox 654 1458 714 1519; x_wconf 91' lang='lat' dir='ltr'>quo</span> <span class='ocrx_word' id='word_1_100' title='bbox 737 1440 777 1500; x_wconf 88' lang='lat' dir='ltr'>ibi</span> <span class='ocrx_word' id='word_1_101' title='bbox 796 1439 952 1520; x_wconf 82' lang='lat' dir='ltr'>judicarit,</span> <span class='ocrx_word' id='word_1_102' title='bbox 975 1439 1048 1500; x_wconf 82' lang='lat' dir='ltr'>sitia</span> <span class='ocrx_word' id='word_1_103' title='bbox 1068 1437 1220 1500; x_wconf 82' lang='lat' dir='ltr'>censenda</span> 
     </span>
     <span class='ocr_line' id='line_1_12' title="bbox 124 1535 1218 1618; baseline 0.001 -22"><span class='ocrx_word' id='word_1_104' title='bbox 124 1547 202 1598; x_wconf 89' lang='lat' dir='ltr'>suut.</span> <span class='ocrx_word' id='word_1_105' title='bbox 247 1535 390 1616; x_wconf 73' lang='lat' dir='ltr'>Princeps</span> <span class='ocrx_word' id='word_1_106' title='bbox 415 1535 492 1596; x_wconf 89' lang='lat' dir='ltr'>eninr</span> <span class='ocrx_word' id='word_1_107' title='bbox 516 1535 592 1597; x_wconf 90' lang='lat' dir='ltr'>iuter</span> <span class='ocrx_word' id='word_1_108' title='bbox 615 1535 683 1596; x_wconf 88' lang='lat' dir='ltr'>illos</span> <span class='ocrx_word' id='word_1_109' title='bbox 706 1536 773 1608; x_wconf 84' lang='lat' dir='ltr'>tuit,</span> <span class='ocrx_word' id='word_1_110' title='bbox 797 1545 829 1596; x_wconf 84' lang='lat' dir='ltr'>ct</span> <span class='ocrx_word' id='word_1_111' title='bbox 852 1535 890 1596; x_wconf 88' lang='lat' dir='ltr'>ad</span> <span class='ocrx_word' id='word_1_112' title='bbox 914 1536 996 1618; x_wconf 77' lang='lat' dir='ltr'>leges</span> <span class='ocrx_word' id='word_1_113' title='bbox 1018 1554 1070 1597; x_wconf 86' lang='lat' dir='ltr'>eas</span> <span class='ocrx_word' id='word_1_114' title='bbox 1083 1535 1171 1618; x_wconf 86' lang='lat' dir='ltr'>plane</span> <span class='ocrx_word' id='word_1_115' title='bbox 1185 1553 1218 1597; x_wconf 83' lang='lat' dir='ltr'>se</span> 
     </span>
     <span class='ocr_line' id='line_1_13' title="bbox 125 1629 1219 1714; baseline -0.001 -21"><span class='ocrx_word' id='word_1_116' title='bbox 125 1632 313 1714; x_wconf 89' lang='lat' dir='ltr'>composuit:</span> <span class='ocrx_word' id='word_1_117' title='bbox 333 1629 413 1711; x_wconf 89' lang='lat' dir='ltr'>quod</span> <span class='ocrx_word' id='word_1_118' title='bbox 436 1630 475 1691; x_wconf 89' lang='lat' dir='ltr'>de</span> <span class='ocrx_word' id='word_1_119' title='bbox 500 1630 607 1692; x_wconf 88' lang='lat' dir='ltr'>Plauto</span> <span class='ocrx_word' id='word_1_120' title='bbox 629 1650 717 1692; x_wconf 85' lang='lat' dir='ltr'>nemo</span> <span class='ocrx_word' id='word_1_121' title='bbox 730 1631 820 1693; x_wconf 79' lang='lat' dir='ltr'>dicet.</span> <span class='ocrx_word' id='word_1_122' title='bbox 862 1631 917 1692; x_wconf 84' lang='lat' dir='ltr'>Est</span> <span class='ocrx_word' id='word_1_123' title='bbox 930 1643 961 1694; x_wconf 89' lang='lat' dir='ltr'>at</span> <span class='ocrx_word' id='word_1_124' title='bbox 973 1631 1122 1712; x_wconf 75' lang='lat' dir='ltr'>frigidum,</span> <span class='ocrx_word' id='word_1_125' title='bbox 1136 1630 1219 1712; x_wconf 90' lang='lat' dir='ltr'>quod</span> 
     </span>
     <span class='ocr_line' id='line_1_14' title="bbox 125 1727 1220 1811; baseline -0.001 -23"><span class='ocrx_word' id='word_1_126' title='bbox 125 1729 212 1809; x_wconf 80' lang='lat' dir='ltr'>longe</span> <span class='ocrx_word' id='word_1_127' title='bbox 228 1729 267 1788; x_wconf 87' lang='lat' dir='ltr'>ab</span> <span class='ocrx_word' id='word_1_128' title='bbox 282 1747 318 1788; x_wconf 91' lang='lat' dir='ltr'>eo</span> <span class='ocrx_word' id='word_1_129' title='bbox 333 1729 428 1802; x_wconf 90' lang='lat' dir='ltr'>abest,</span> <span class='ocrx_word' id='word_1_130' title='bbox 442 1727 523 1807; x_wconf 91' lang='lat' dir='ltr'>quod</span> <span class='ocrx_word' id='word_1_131' title='bbox 547 1737 598 1790; x_wconf 88' lang='lat' dir='ltr'>aut</span> <span class='ocrx_word' id='word_1_132' title='bbox 615 1748 682 1792; x_wconf 88' lang='lat' dir='ltr'>esse</span> <span class='ocrx_word' id='word_1_133' title='bbox 696 1739 749 1790; x_wconf 88' lang='lat' dir='ltr'>aut</span> <span class='ocrx_word' id='word_1_134' title='bbox 770 1748 859 1810; x_wconf 88' lang='lat' dir='ltr'>posse</span> <span class='ocrx_word' id='word_1_135' title='bbox 872 1729 934 1790; x_wconf 84' lang='lat' dir='ltr'>lieri</span> <span class='ocrx_word' id='word_1_136' title='bbox 952 1739 1081 1811; x_wconf 84' lang='lat' dir='ltr'>putatur.</span> <span class='ocrx_word' id='word_1_137' title='bbox 1122 1727 1220 1796; x_wconf 82' lang='lat' dir='ltr'>Quale</span> 
     </span>
     <span class='ocr_line' id='line_1_15' title="bbox 124 1823 1218 1906; baseline -0.002 -21"><span class='ocrx_word' id='word_1_138' title='bbox 124 1835 178 1897; x_wconf 88' lang='lat' dir='ltr'>est,</span> <span class='ocrx_word' id='word_1_139' title='bbox 213 1832 222 1860; x_wconf 80' lang='lat'>⁴</span> <span class='ocrx_word' id='word_1_140' title='bbox 234 1843 338 1904; x_wconf 80' lang='lat' dir='ltr'>pugno</span> <span class='ocrx_word' id='word_1_141' title='bbox 362 1823 497 1904; x_wconf 73' lang='lat' dir='ltr'>frangere</span> <span class='ocrx_word' id='word_1_142' title='bbox 521 1826 678 1906; x_wconf 86' lang='lat' dir='ltr'>elephanto</span> <span class='ocrx_word' id='word_1_143' title='bbox 705 1825 875 1898; x_wconf 87' lang='lat' dir='ltr'>brachium,&#39;</span> <span class='ocrx_word' id='word_1_144' title='bbox 904 1825 1039 1886; x_wconf 85' lang='lat' dir='ltr'>‘horiola</span> <span class='ocrx_word' id='word_1_145' title='bbox 1062 1825 1092 1886; x_wconf 91' lang='lat' dir='ltr'>in</span> <span class='ocrx_word' id='word_1_146' title='bbox 1111 1823 1218 1885; x_wconf 84' lang='lat' dir='ltr'>coelunr</span> 
     </span>
     <span class='ocr_line' id='line_1_16' title="bbox 125 1919 1218 2002; baseline 0 -22"><span class='ocrx_word' id='word_1_147' title='bbox 125 1920 293 2000; x_wconf 68' lang='lat' dir='ltr'>pervenire?</span> <span class='ocrx_word' id='word_1_148' title='bbox 331 1920 386 1982; x_wconf 88' lang='lat' dir='ltr'>Est</span> <span class='ocrx_word' id='word_1_149' title='bbox 399 1931 430 1980; x_wconf 88' lang='lat' dir='ltr'>et</span> <span class='ocrx_word' id='word_1_150' title='bbox 453 1921 600 2002; x_wconf 72' lang='lat' dir='ltr'>frigidum,</span> <span class='ocrx_word' id='word_1_151' title='bbox 622 1941 689 1983; x_wconf 89' lang='lat' dir='ltr'>cum</span> <span class='ocrx_word' id='word_1_152' title='bbox 708 1923 751 1984; x_wconf 87' lang='lat' dir='ltr'>ita</span> <span class='ocrx_word' id='word_1_153' title='bbox 770 1942 789 1984; x_wconf 86' lang='lat' dir='ltr'>a</span> <span class='ocrx_word' id='word_1_154' title='bbox 807 1921 943 1984; x_wconf 71' lang='lat' dir='ltr'>familiari</span> <span class='ocrx_word' id='word_1_155' title='bbox 966 1939 1100 1982; x_wconf 87' lang='lat' dir='ltr'>sermone</span> <span class='ocrx_word' id='word_1_156' title='bbox 1123 1919 1218 1982; x_wconf 89' lang='lat' dir='ltr'>oratio</span> 
     </span>
     <span class='ocr_line' id='line_1_17' title="bbox 125 2013 1218 2100; baseline -0.003 -24"><span class='ocrx_word' id='word_1_157' title='bbox 125 2017 248 2089; x_wconf 80' lang='lat' dir='ltr'>recedit,</span> <span class='ocrx_word' id='word_1_158' title='bbox 262 2025 297 2076; x_wconf 91' lang='lat' dir='ltr'>ut</span> <span class='ocrx_word' id='word_1_159' title='bbox 315 2017 354 2077; x_wconf 89' lang='lat' dir='ltr'>ad</span> <span class='ocrx_word' id='word_1_160' title='bbox 377 2036 463 2078; x_wconf 88' lang='lat' dir='ltr'>usum</span> <span class='ocrx_word' id='word_1_161' title='bbox 483 2017 608 2098; x_wconf 86' lang='lat' dir='ltr'>amplius</span> <span class='ocrx_word' id='word_1_162' title='bbox 628 2017 778 2080; x_wconf 80' lang='lat' dir='ltr'>transferri</span> <span class='ocrx_word' id='word_1_163' title='bbox 802 2027 939 2100; x_wconf 83' lang='lat' dir='ltr'>nequeat.</span> <span class='ocrx_word' id='word_1_164' title='bbox 980 2016 1053 2078; x_wconf 87' lang='lat' dir='ltr'>Tale</span> <span class='ocrx_word' id='word_1_165' title='bbox 1077 2025 1123 2079; x_wconf 85' lang='lat' dir='ltr'>est</span> <span class='ocrx_word' id='word_1_166' title='bbox 1144 2013 1218 2076; x_wconf 90' lang='lat' dir='ltr'>illud</span> 
     </span>
     <span class='ocr_line' id='line_1_18' title="bbox 124 2113 252 2174; baseline 0.016 -3"><span class='ocrx_word' id='word_1_167' title='bbox 124 2113 252 2174; x_wconf 86' lang='lat' dir='ltr'>ibidem:</span> 
     </span>
    </p>
   </div>
   <div class='ocr_carea' id='block_1_3' title="bbox 127 2242 1188 2546">
    <p class='ocr_par' dir='ltr' id='par_1_3' title="bbox 127 2242 1188 2546">
     <span class='ocr_line' id='line_1_19' title="bbox 204 2242 988 2324; baseline -0.001 -21"><span class='ocrx_word' id='word_1_168' title='bbox 204 2243 237 2303; x_wconf 88' lang='lat' dir='ltr'>Si</span> <span class='ocrx_word' id='word_1_169' title='bbox 252 2253 321 2304; x_wconf 90' lang='lat' dir='ltr'>aute</span> <span class='ocrx_word' id='word_1_170' title='bbox 335 2243 431 2303; x_wconf 87' lang='lat' dir='ltr'>luceru</span> <span class='ocrx_word' id='word_1_171' title='bbox 445 2243 486 2302; x_wconf 92' lang='lat' dir='ltr'>ire</span> <span class='ocrx_word' id='word_1_172' title='bbox 500 2243 627 2322; x_wconf 84' lang='lat' dir='ltr'>occipias</span> <span class='ocrx_word' id='word_1_173' title='bbox 641 2263 659 2304; x_wconf 87' lang='lat' dir='ltr'>a</span> <span class='ocrx_word' id='word_1_174' title='bbox 673 2261 739 2304; x_wconf 87' lang='lat' dir='ltr'>meo</span> <span class='ocrx_word' id='word_1_175' title='bbox 751 2243 845 2324; x_wconf 87' lang='lat' dir='ltr'>primo</span> <span class='ocrx_word' id='word_1_176' title='bbox 859 2242 988 2312; x_wconf 88' lang='lat' dir='ltr'>nomine,</span> 
     </span>
     <span class='ocr_line' id='line_1_20' title="bbox 205 2339 1188 2422; baseline -0.001 -22"><span class='ocrx_word' id='word_1_177' title='bbox 205 2339 391 2402; x_wconf 88' lang='lat' dir='ltr'>Concubium</span> <span class='ocrx_word' id='word_1_178' title='bbox 406 2341 444 2400; x_wconf 92' lang='lat' dir='ltr'>sit</span> <span class='ocrx_word' id='word_1_179' title='bbox 457 2341 563 2416; x_wconf 86' lang='lat' dir='ltr'>noctis,</span> <span class='ocrx_word' id='word_1_180' title='bbox 581 2340 751 2421; x_wconf 86' lang='lat' dir='ltr'>priusquam</span> <span class='ocrx_word' id='word_1_181' title='bbox 766 2339 805 2401; x_wconf 89' lang='lat' dir='ltr'>ad</span> <span class='ocrx_word' id='word_1_182' title='bbox 819 2349 999 2422; x_wconf 86' lang='lat' dir='ltr'>postremum</span> <span class='ocrx_word' id='word_1_183' title='bbox 1013 2341 1188 2420; x_wconf 83' lang='lat' dir='ltr'>perveneris.</span> 
     </span>
     <span class='ocr_line' id='line_1_21' title="bbox 127 2465 802 2546; baseline 0 -20"><span class='ocrx_word' id='word_1_184' title='bbox 127 2466 241 2530; x_wconf 84' lang='lat' dir='ltr'>Crescit</span> <span class='ocrx_word' id='word_1_185' title='bbox 254 2475 352 2526; x_wconf 87' lang='lat' dir='ltr'>tamen</span> <span class='ocrx_word' id='word_1_186' title='bbox 366 2465 517 2546; x_wconf 81' lang='lat' dir='ltr'>frigidum,</span> <span class='ocrx_word' id='word_1_187' title='bbox 531 2485 598 2527; x_wconf 93' lang='lat' dir='ltr'>curu</span> <span class='ocrx_word' id='word_1_188' title='bbox 612 2465 697 2526; x_wconf 83' lang='lat' dir='ltr'>addit</span> <span class='ocrx_word' id='word_1_189' title='bbox 708 2467 802 2527; x_wconf 86' lang='lat' dir='ltr'>alter:</span> 
     </span>
    </p>
   </div>
   <div class='ocr_carea' id='block_1_4' title="bbox 205 2589 1130 2678">
    <p class='ocr_par' dir='ltr' id='par_1_4' title="bbox 205 2589 1130 2678">
     <span class='ocr_line' id='line_1_22' title="bbox 205 2589 1130 2678; baseline -0.009 -20"><span class='ocrx_word' id='word_1_190' title='bbox 205 2599 292 2678; x_wconf 84' lang='lat' dir='ltr'>Opus</span> <span class='ocrx_word' id='word_1_191' title='bbox 304 2599 369 2659; x_wconf 83' lang='lat' dir='ltr'>sace</span> <span class='ocrx_word' id='word_1_192' title='bbox 383 2607 430 2658; x_wconf 89' lang='lat' dir='ltr'>est</span> <span class='ocrx_word' id='word_1_193' title='bbox 442 2607 473 2657; x_wconf 89' lang='lat' dir='ltr'>et</span> <span class='ocrx_word' id='word_1_194' title='bbox 485 2595 592 2656; x_wconf 87' lang='lat' dir='ltr'>viatico</span> <span class='ocrx_word' id='word_1_195' title='bbox 605 2594 644 2654; x_wconf 93' lang='lat' dir='ltr'>ad</span> <span class='ocrx_word' id='word_1_196' title='bbox 657 2605 739 2654; x_wconf 90' lang='lat' dir='ltr'>tuum</span> <span class='ocrx_word' id='word_1_197' title='bbox 753 2611 871 2665; x_wconf 90' lang='lat' dir='ltr'>nomeu,</span> <span class='ocrx_word' id='word_1_198' title='bbox 882 2601 916 2652; x_wconf 91' lang='lat' dir='ltr'>ut</span> <span class='ocrx_word' id='word_1_199' title='bbox 927 2599 959 2651; x_wconf 87' lang='lat' dir='ltr'>tu</span> <span class='ocrx_word' id='word_1_200' title='bbox 971 2589 1130 2672; x_wconf 73' lang='lat' dir='ltr'>praedicas.</span> 
     </span>
    </p>
   </div>
   <div class='ocr_carea' id='block_1_5' title="bbox 124 2731 1220 3400">
    <p class='ocr_par' dir='ltr' id='par_1_5' title="bbox 124 2731 1220 3400">
     <span class='ocr_line' id='line_1_23' title="bbox 127 2731 1217 2820; baseline -0.01 -21"><span class='ocrx_word' id='word_1_201' title='bbox 127 2740 200 2808; x_wconf 80' lang='lat' dir='ltr'>Quae</span> <span class='ocrx_word' id='word_1_202' title='bbox 225 2739 250 2798; x_wconf 91' lang='lat' dir='ltr'>si</span> <span class='ocrx_word' id='word_1_203' title='bbox 275 2737 382 2820; x_wconf 86' lang='lat' dir='ltr'>pedem</span> <span class='ocrx_word' id='word_1_204' title='bbox 401 2755 493 2798; x_wconf 88' lang='lat' dir='ltr'>unum</span> <span class='ocrx_word' id='word_1_205' title='bbox 517 2745 601 2797; x_wconf 83' lang='lat' dir='ltr'>extra</span> <span class='ocrx_word' id='word_1_206' title='bbox 624 2753 743 2795; x_wconf 85' lang='lat' dir='ltr'>scenam</span> <span class='ocrx_word' id='word_1_207' title='bbox 773 2733 860 2805; x_wconf 80' lang='lat' dir='ltr'>ieras,</span> <span class='ocrx_word' id='word_1_208' title='bbox 889 2731 1024 2811; x_wconf 88' lang='lat' dir='ltr'>protinus</span> <span class='ocrx_word' id='word_1_209' title='bbox 1052 2731 1217 2810; x_wconf 86' lang='lat' dir='ltr'>putiscent:</span> 
     </span>
     <span class='ocr_line' id='line_1_24' title="bbox 125 2824 1218 2918; baseline -0.009 -22"><span class='ocrx_word' id='word_1_210' title='bbox 125 2835 272 2918; x_wconf 89' lang='lat' dir='ltr'>nequead</span> <span class='ocrx_word' id='word_1_211' title='bbox 289 2853 374 2895; x_wconf 88' lang='lat' dir='ltr'>usunr</span> <span class='ocrx_word' id='word_1_212' title='bbox 389 2833 529 2916; x_wconf 89' lang='lat' dir='ltr'>applicari</span> <span class='ocrx_word' id='word_1_213' title='bbox 541 2843 690 2914; x_wconf 90' lang='lat' dir='ltr'>poterunt.</span> <span class='ocrx_word' id='word_1_214' title='bbox 723 2827 830 2898; x_wconf 87' lang='lat' dir='ltr'>Qualia</span> <span class='ocrx_word' id='word_1_215' title='bbox 846 2845 901 2886; x_wconf 89' lang='lat' dir='ltr'>nec</span> <span class='ocrx_word' id='word_1_216' title='bbox 917 2825 1016 2906; x_wconf 87' lang='lat' dir='ltr'>Scipio</span> <span class='ocrx_word' id='word_1_217' title='bbox 1031 2843 1087 2886; x_wconf 93' lang='lat' dir='ltr'>nec</span> <span class='ocrx_word' id='word_1_218' title='bbox 1101 2824 1218 2898; x_wconf 75' lang='lat' dir='ltr'>Laelius,</span> 
     </span>
     <span class='ocr_line' id='line_1_25' title="bbox 124 2919 1219 3006; baseline -0.011 -12"><span class='ocrx_word' id='word_1_219' title='bbox 124 2935 179 2994; x_wconf 88' lang='lat' dir='ltr'>llos</span> <span class='ocrx_word' id='word_1_220' title='bbox 203 2932 374 3004; x_wconf 88' lang='lat' dir='ltr'>nobilitatis,</span> <span class='ocrx_word' id='word_1_221' title='bbox 397 2931 444 2990; x_wconf 87' lang='lat' dir='ltr'>rel</span> <span class='ocrx_word' id='word_1_222' title='bbox 467 2931 496 2990; x_wconf 91' lang='lat' dir='ltr'>in</span> <span class='ocrx_word' id='word_1_223' title='bbox 522 2947 623 3000; x_wconf 87' lang='lat' dir='ltr'>scena,</span> <span class='ocrx_word' id='word_1_224' title='bbox 646 2926 869 3006; x_wconf 84' lang='lat' dir='ltr'>approbassent.</span> <span class='ocrx_word' id='word_1_225' title='bbox 924 2919 1102 2982; x_wconf 89' lang='lat' dir='ltr'>Plutarchus</span> <span class='ocrx_word' id='word_1_226' title='bbox 1129 2931 1219 2994; x_wconf 88' lang='lat' dir='ltr'>certe,</span> 
     </span>
     <span class='ocr_line' id='line_1_26' title="bbox 126 3015 1220 3097; baseline -0.013 -7"><span class='ocrx_word' id='word_1_227' title='bbox 126 3039 207 3090; x_wconf 81' lang='lat' dir='ltr'>extra</span> <span class='ocrx_word' id='word_1_228' title='bbox 228 3027 391 3090; x_wconf 85' lang='lat' dir='ltr'>liberalium</span> <span class='ocrx_word' id='word_1_229' title='bbox 416 3027 545 3086; x_wconf 87' lang='lat' dir='ltr'>Theatra</span> <span class='ocrx_word' id='word_1_230' title='bbox 567 3043 603 3086; x_wconf 91' lang='lat' dir='ltr'>ac</span> <span class='ocrx_word' id='word_1_231' title='bbox 625 3022 789 3094; x_wconf 89' lang='lat' dir='ltr'>doctorum,</span> <span class='ocrx_word' id='word_1_232' title='bbox 813 3021 902 3080; x_wconf 87' lang='lat' dir='ltr'>libere</span> <span class='ocrx_word' id='word_1_233' title='bbox 927 3017 1048 3097; x_wconf 74' lang='lat' dir='ltr'>relegat.</span> <span class='ocrx_word' id='word_1_234' title='bbox 1090 3015 1220 3076; x_wconf 81' lang='lat' dir='ltr'>Ridiculi</span> 
     </span>
     <span class='ocr_line' id='line_1_27' title="bbox 124 3112 1219 3207; baseline -0.013 -21"><span class='ocrx_word' id='word_1_235' title='bbox 124 3128 201 3187; x_wconf 89' lang='lat' dir='ltr'>enim</span> <span class='ocrx_word' id='word_1_236' title='bbox 214 3145 252 3188; x_wconf 92' lang='lat' dir='ltr'>ac</span> <span class='ocrx_word' id='word_1_237' title='bbox 268 3125 359 3207; x_wconf 81' lang='lat' dir='ltr'>inepti</span> <span class='ocrx_word' id='word_1_238' title='bbox 374 3133 454 3196; x_wconf 92' lang='lat' dir='ltr'>sunt,</span> <span class='ocrx_word' id='word_1_239' title='bbox 480 3122 531 3202; x_wconf 89' lang='lat' dir='ltr'>qui</span> <span class='ocrx_word' id='word_1_240' title='bbox 545 3120 668 3200; x_wconf 89' lang='lat' dir='ltr'>plebeiis</span> <span class='ocrx_word' id='word_1_241' title='bbox 684 3127 799 3179; x_wconf 86' lang='lat' dir='ltr'>tanturn</span> <span class='ocrx_word' id='word_1_242' title='bbox 814 3115 901 3177; x_wconf 83' lang='lat' dir='ltr'>scribi</span> <span class='ocrx_word' id='word_1_243' title='bbox 916 3113 1099 3175; x_wconf 87' lang='lat' dir='ltr'>Comoedianr</span> <span class='ocrx_word' id='word_1_244' title='bbox 1118 3112 1219 3174; x_wconf 83' lang='lat' dir='ltr'>existi·</span> 
     </span>
     <span class='ocr_line' id='line_1_28' title="bbox 125 3209 1218 3292; baseline -0.015 -7"><span class='ocrx_word' id='word_1_245' title='bbox 125 3234 226 3292; x_wconf 67' lang='lat' dir='ltr'>manta</span> <span class='ocrx_word' id='word_1_246' title='bbox 249 3241 317 3284; x_wconf 90' lang='lat' dir='ltr'>cum</span> <span class='ocrx_word' id='word_1_247' title='bbox 331 3241 392 3282; x_wconf 90' lang='lat' dir='ltr'>non</span> <span class='ocrx_word' id='word_1_248' title='bbox 406 3221 503 3280; x_wconf 87' lang='lat' dir='ltr'>minua</span> <span class='ocrx_word' id='word_1_249' title='bbox 524 3217 647 3280; x_wconf 82' lang='lat' dir='ltr'>cruditis</span> <span class='ocrx_word' id='word_1_250' title='bbox 670 3217 822 3278; x_wconf 86' lang='lat' dir='ltr'>scribatur.</span> <span class='ocrx_word' id='word_1_251' title='bbox 864 3211 952 3282; x_wconf 90' lang='lat' dir='ltr'>Quod</span> <span class='ocrx_word' id='word_1_252' title='bbox 967 3221 998 3272; x_wconf 88' lang='lat' dir='ltr'>et</span> <span class='ocrx_word' id='word_1_253' title='bbox 1012 3211 1138 3274; x_wconf 75' lang='lat' dir='ltr'>Flaccus</span> <span class='ocrx_word' id='word_1_254' title='bbox 1162 3209 1218 3270; x_wconf 89' lang='lat' dir='ltr'>sci·</span> 
     </span>
     <span class='ocr_line' id='line_1_29' title="bbox 125 3320 526 3400; baseline -0.007 -22"><span class='ocrx_word' id='word_1_255' title='bbox 125 3320 183 3389; x_wconf 85' lang='lat' dir='ltr'>rit;</span> <span class='ocrx_word' id='word_1_256' title='bbox 204 3321 256 3400; x_wconf 86' lang='lat' dir='ltr'>qui</span> <span class='ocrx_word' id='word_1_257' title='bbox 269 3339 331 3380; x_wconf 90' lang='lat' dir='ltr'>nou</span> <span class='ocrx_word' id='word_1_258' title='bbox 343 3320 405 3379; x_wconf 90' lang='lat' dir='ltr'>sine</span> <span class='ocrx_word' id='word_1_259' title='bbox 418 3335 526 3378; x_wconf 88' lang='lat' dir='ltr'>causa:</span> 
     </span>
    </p>
   </div>
   <div class='ocr_carea' id='block_1_6' title="bbox 204 3435 956 3610">
    <p class='ocr_par' dir='ltr' id='par_1_6' title="bbox 204 3435 956 3610">
     <span class='ocr_line' id='line_1_30' title="bbox 204 3435 928 3523; baseline -0.017 -15"><span class='ocrx_word' id='word_1_260' title='bbox 204 3445 354 3522; x_wconf 84' lang='lat' dir='ltr'>Creditur,</span> <span class='ocrx_word' id='word_1_261' title='bbox 367 3467 404 3508; x_wconf 85' lang='lat' dir='ltr'>ex</span> <span class='ocrx_word' id='word_1_262' title='bbox 416 3443 514 3506; x_wconf 86' lang='lat' dir='ltr'>medio</span> <span class='ocrx_word' id='word_1_263' title='bbox 527 3445 597 3523; x_wconf 92' lang='lat' dir='ltr'>quia</span> <span class='ocrx_word' id='word_1_264' title='bbox 609 3461 657 3503; x_wconf 85' lang='lat' dir='ltr'>rer</span> <span class='ocrx_word' id='word_1_265' title='bbox 676 3437 809 3510; x_wconf 86' lang='lat' dir='ltr'>arcessit,</span> <span class='ocrx_word' id='word_1_266' title='bbox 821 3435 928 3518; x_wconf 77' lang='lat' dir='ltr'>habere</span> 
     </span>
     <span class='ocr_line' id='line_1_31' title="bbox 204 3531 956 3610; baseline -0.017 -6"><span class='ocrx_word' id='word_1_267' title='bbox 204 3543 330 3604; x_wconf 85' lang='lat' dir='ltr'>Sudoris</span> <span class='ocrx_word' id='word_1_268' title='bbox 341 3543 492 3602; x_wconf 87' lang='lat' dir='ltr'>minimum</span> <span class='ocrx_word' id='word_1_269' title='bbox 504 3561 513 3610; x_wconf 70' lang='grc' dir='ltr'>ς</span> <span class='ocrx_word' id='word_1_270' title='bbox 535 3538 588 3600; x_wconf 83' lang='lat' dir='ltr'>aed</span> <span class='ocrx_word' id='word_1_271' title='bbox 602 3539 692 3598; x_wconf 90' lang='lat' dir='ltr'>habet</span> <span class='ocrx_word' id='word_1_272' title='bbox 705 3531 860 3596; x_wconf 82' lang='lat' dir='ltr'>Coruoedia</span> <span class='ocrx_word' id='word_1_273' title='bbox 873 3541 956 3592; x_wconf 84' lang='lat' dir='ltr'>tauto</span> 
     </span>
    </p>
   </div>
   <div class='ocr_carea' id='block_1_7' title="bbox 202 3631 754 3718">
    <p class='ocr_par' dir='ltr' id='par_1_7' title="bbox 202 3631 754 3718">
     <span class='ocr_line' id='line_1_32' title="bbox 202 3631 754 3718; baseline -0.014 -18"><span class='ocrx_word' id='word_1_274' title='bbox 202 3640 278 3702; x_wconf 89' lang='lat' dir='ltr'>Plus</span> <span class='ocrx_word' id='word_1_275' title='bbox 291 3641 398 3712; x_wconf 89' lang='lat' dir='ltr'>oneris,</span> <span class='ocrx_word' id='word_1_276' title='bbox 411 3645 523 3718; x_wconf 86' lang='lat' dir='ltr'>quanto</span> <span class='ocrx_word' id='word_1_277' title='bbox 537 3634 630 3696; x_wconf 81' lang='lat' dir='ltr'>venire</span> <span class='ocrx_word' id='word_1_278' title='bbox 644 3631 754 3693; x_wconf 89' lang='lat' dir='ltr'>minus.</span> 
     </span>
    </p>
   </div>
   <div class='ocr_carea' id='block_1_8' title="bbox 119 3745 1221 4332">
    <p class='ocr_par' dir='ltr' id='par_1_8' title="bbox 119 3745 1221 4332">
     <span class='ocr_line' id='line_1_33' title="bbox 124 3745 1220 3836; baseline -0.026 -4"><span class='ocrx_word' id='word_1_279' title='bbox 124 3771 241 3834; x_wconf 88' lang='lat' dir='ltr'>Deinde</span> <span class='ocrx_word' id='word_1_280' title='bbox 255 3781 354 3834; x_wconf 88' lang='lat' dir='ltr'>autem</span> <span class='ocrx_word' id='word_1_281' title='bbox 367 3769 467 3830; x_wconf 90' lang='lat' dir='ltr'>Plauti</span> <span class='ocrx_word' id='word_1_282' title='bbox 482 3777 512 3828; x_wconf 92' lang='lat' dir='ltr'>et</span> <span class='ocrx_word' id='word_1_283' title='bbox 527 3763 678 3826; x_wconf 76' lang='lat' dir='ltr'>Dercenni</span> <span class='ocrx_word' id='word_1_284' title='bbox 692 3761 784 3822; x_wconf 90' lang='lat' dir='ltr'>utitur</span> <span class='ocrx_word' id='word_1_285' title='bbox 797 3756 943 3836; x_wconf 82' lang='lat' dir='ltr'>exemplo,</span> <span class='ocrx_word' id='word_1_286' title='bbox 957 3769 1032 3832; x_wconf 89' lang='lat' dir='ltr'>quos</span> <span class='ocrx_word' id='word_1_287' title='bbox 1049 3765 1167 3810; x_wconf 86' lang='lat' dir='ltr'>securos</span> <span class='ocrx_word' id='word_1_288' title='bbox 1181 3745 1220 3806; x_wconf 92' lang='lat' dir='ltr'>de</span> 
     </span>
     <span class='ocr_line' id='line_1_34' title="bbox 119 3843 1221 3952; baseline -0.027 -22"><span class='ocrx_word' id='word_1_289' title='bbox 119 3867 239 3948; x_wconf 87' lang='lat' dir='ltr'>judiciis</span> <span class='ocrx_word' id='word_1_290' title='bbox 254 3865 408 3926; x_wconf 76' lang='lat' dir='ltr'>(loctunam</span> <span class='ocrx_word' id='word_1_291' title='bbox 423 3863 473 3923; x_wconf 87' lang='lat' dir='ltr'>ait.</span> <span class='ocrx_word' id='word_1_292' title='bbox 517 3861 556 3922; x_wconf 91' lang='lat' dir='ltr'>Et</span> <span class='ocrx_word' id='word_1_293' title='bbox 570 3859 634 3920; x_wconf 71' lang='lat' dir='ltr'>heac</span> <span class='ocrx_word' id='word_1_294' title='bbox 650 3857 688 3918; x_wconf 88' lang='lat' dir='ltr'>ad</span> <span class='ocrx_word' id='word_1_295' title='bbox 703 3856 847 3926; x_wconf 86' lang='lat' dir='ltr'>divinum,</span> <span class='ocrx_word' id='word_1_296' title='bbox 860 3861 894 3912; x_wconf 91' lang='lat' dir='ltr'>ut</span> <span class='ocrx_word' id='word_1_297' title='bbox 902 3851 965 3930; x_wconf 84' lang='lat' dir='ltr'>jarn</span> <span class='ocrx_word' id='word_1_298' title='bbox 980 3845 1052 3917; x_wconf 85' lang='lat' dir='ltr'>dixi,</span> <span class='ocrx_word' id='word_1_299' title='bbox 1067 3843 1221 3952; x_wconf 78' lang='lat' dir='ltr'>acaubac·</span> 
     </span>
     <span class='ocr_line' id='line_1_35' title="bbox 123 3950 1219 4049; baseline -0.026 -25"><span class='ocrx_word' id='word_1_300' title='bbox 123 3975 184 4024; x_wconf 90' lang='lat' dir='ltr'>turn</span> <span class='ocrx_word' id='word_1_301' title='bbox 198 3965 229 4024; x_wconf 91' lang='lat' dir='ltr'>iu</span> <span class='ocrx_word' id='word_1_302' title='bbox 243 3963 291 4023; x_wconf 85' lang='lat' dir='ltr'>his</span> <span class='ocrx_word' id='word_1_303' title='bbox 306 3961 484 4042; x_wconf 87' lang='lat' dir='ltr'>Principem,</span> <span class='ocrx_word' id='word_1_304' title='bbox 501 3959 585 4038; x_wconf 88' lang='lat' dir='ltr'>cujus</span> <span class='ocrx_word' id='word_1_305' title='bbox 607 3973 663 4014; x_wconf 90' lang='lat' dir='ltr'>nec</span> <span class='ocrx_word' id='word_1_306' title='bbox 681 3950 825 4033; x_wconf 88' lang='lat' dir='ltr'>judicium</span> <span class='ocrx_word' id='word_1_307' title='bbox 839 3965 894 4006; x_wconf 88' lang='lat' dir='ltr'>nec</span> <span class='ocrx_word' id='word_1_308' title='bbox 908 3953 1070 4005; x_wconf 87' lang='lat' dir='ltr'>ceterorum</span> <span class='ocrx_word' id='word_1_309' title='bbox 1084 3957 1219 4049; x_wconf 39' lang='lat' dir='ltr'>rgucrare·</span> 
     </span>
     <span class='ocr_line' id='line_1_36' title="bbox 124 4037 1220 4140; baseline -0.023 -20"><span class='ocrx_word' id='word_1_310' title='bbox 124 4081 158 4120; x_wconf 89' lang='lat' dir='ltr'>ea</span> <span class='ocrx_word' id='word_1_311' title='bbox 171 4068 350 4140; x_wconf 71' lang='lat' dir='ltr'>tempestate</span> <span class='ocrx_word' id='word_1_312' title='bbox 374 4057 480 4138; x_wconf 89' lang='lat' dir='ltr'>potuit.</span> <span class='ocrx_word' id='word_1_313' title='bbox 521 4055 569 4128; x_wconf 90' lang='lat' dir='ltr'>Et,</span> <span class='ocrx_word' id='word_1_314' title='bbox 594 4053 679 4132; x_wconf 88' lang='lat' dir='ltr'>cujus</span> <span class='ocrx_word' id='word_1_315' title='bbox 697 4045 840 4128; x_wconf 88' lang='lat' dir='ltr'>judicium</span> <span class='ocrx_word' id='word_1_316' title='bbox 861 4039 953 4104; x_wconf 87' lang='lat' dir='ltr'>vereri</span> <span class='ocrx_word' id='word_1_317' title='bbox 978 4037 1140 4108; x_wconf 72' lang='lat' dir='ltr'>debuisset,</span> <span class='ocrx_word' id='word_1_318' title='bbox 1162 4053 1220 4096; x_wconf 88' lang='lat' dir='ltr'>urar</span> 
     </span>
     <span class='ocr_line' id='line_1_37' title="bbox 123 4132 1220 4227; baseline -0.021 -13"><span class='ocrx_word' id='word_1_319' title='bbox 123 4155 200 4215; x_wconf 87' lang='lat' dir='ltr'>idem</span> <span class='ocrx_word' id='word_1_320' title='bbox 215 4155 338 4217; x_wconf 86' lang='lat' dir='ltr'>aliorum</span> <span class='ocrx_word' id='word_1_321' title='bbox 350 4153 465 4214; x_wconf 84' lang='lat' dir='ltr'>luisset.</span> <span class='ocrx_word' id='word_1_322' title='bbox 506 4152 524 4212; x_wconf 88' lang='lat' dir='ltr'>J</span> <span class='ocrx_word' id='word_1_323' title='bbox 528 4169 575 4210; x_wconf 90' lang='lat' dir='ltr'>am</span> <span class='ocrx_word' id='word_1_324' title='bbox 588 4147 640 4210; x_wconf 88' lang='lat' dir='ltr'>illa</span> <span class='ocrx_word' id='word_1_325' title='bbox 653 4141 821 4227; x_wconf 86' lang='lat' dir='ltr'>Epicharmi</span> <span class='ocrx_word' id='word_1_326' title='bbox 835 4137 968 4210; x_wconf 86' lang='lat' dir='ltr'>imitatio,</span> <span class='ocrx_word' id='word_1_327' title='bbox 980 4145 1014 4196; x_wconf 90' lang='lat' dir='ltr'>ut</span> <span class='ocrx_word' id='word_1_328' title='bbox 1021 4132 1220 4202; x_wconf 81' lang='lat' dir='ltr'>festivissima,</span> 
     </span>
     <span class='ocr_line' id='line_1_38' title="bbox 123 4227 1220 4332; baseline -0.022 -20"><span class='ocrx_word' id='word_1_329' title='bbox 123 4253 172 4328; x_wconf 81' lang='lat' dir='ltr'>ita,</span> <span class='ocrx_word' id='word_1_330' title='bbox 187 4251 213 4312; x_wconf 79' lang='lat' dir='ltr'>si</span> <span class='ocrx_word' id='word_1_331' title='bbox 228 4251 267 4312; x_wconf 85' lang='lat' dir='ltr'>sit</span> <span class='ocrx_word' id='word_1_332' title='bbox 282 4249 430 4332; x_wconf 73' lang='lat' dir='ltr'>frequens,</span> <span class='ocrx_word' id='word_1_333' title='bbox 444 4249 553 4330; x_wconf 79' lang='lat' dir='ltr'>nigore</span> <span class='ocrx_word' id='word_1_334' title='bbox 567 4265 627 4310; x_wconf 91' lang='lat' dir='ltr'>non</span> <span class='ocrx_word' id='word_1_335' title='bbox 641 4253 731 4308; x_wconf 86' lang='lat' dir='ltr'>caret.</span> <span class='ocrx_word' id='word_1_336' title='bbox 773 4239 850 4309; x_wconf 75' lang='lat' dir='ltr'>Qua</span> <span class='ocrx_word' id='word_1_337' title='bbox 864 4237 907 4312; x_wconf 86' lang='lat' dir='ltr'>fit,</span> <span class='ocrx_word' id='word_1_338' title='bbox 930 4253 997 4296; x_wconf 90' lang='lat' dir='ltr'>cum</span> <span class='ocrx_word' id='word_1_339' title='bbox 1011 4230 1056 4293; x_wconf 85' lang='lat' dir='ltr'>rel</span> <span class='ocrx_word' id='word_1_340' title='bbox 1070 4227 1147 4290; x_wconf 78' lang='lat' dir='ltr'>falsa</span> <span class='ocrx_word' id='word_1_341' title='bbox 1166 4245 1220 4306; x_wconf 90' lang='lat' dir='ltr'>op·</span> 
     </span>
    </p>
   </div>
   <div class='ocr_carea' id='block_1_9' title="bbox 0 0 1482 4890">
    <p class='ocr_par' dir='ltr' id='par_1_9' title="bbox 0 0 1482 4890">
     <span class='ocr_line' id='line_1_39' title="bbox 0 0 1482 4890; baseline 0 0"><span class='ocrx_word' id='word_1_342' title='bbox 0 0 1482 4890; x_wconf 95' lang='lat' dir='ltr'> </span> 
     </span>
    </p>
   </div>
  </div>
 </body>
</html>
