2958 4892
451 412 500 460 nu
524 411 665 462 nuruis
689 412 851 464 corrrcrs.
1139 403 1205 470 205

101 575 168 618 cum
183 555 213 616 in
230 555 290 616 line
304 573 409 617 uersus
421 553 532 634 dactyli
549 554 596 616 rel
610 555 711 618 cretici
734 556 831 620 locum
855 559 991 632 ruscum,
1006 527 1205 641 quodtsmpis·

102 653 175 714 sime
196 653 242 714 lit.
285 651 366 720 Quin
379 661 412 712 et
430 672 446 712 c
467 653 568 718 metris
582 653 789 733 suprapositis
803 654 861 718 ista
872 654 901 716 in
915 656 1021 734 quibus
1035 676 1089 738 pes
1102 671 1202 738 poste·

100 749 157 810 rior
179 758 227 810 est
248 747 397 828 dactylus,
418 747 465 809 vel
484 749 534 808 ubi
554 749 662 808 nimius
684 750 864 830 syllabarum
880 753 1013 815 brevium
1026 773 1202 828 concursus,

101 847 193 908 rarius
206 855 405 926 usurpwturc
427 845 539 926 optima
552 854 659 908 contra
673 844 727 910 illa
740 857 819 918 sunt,
840 848 869 908 in
884 847 990 927 quibus
1014 851 1125 928 primus
1146 872 1200 932 pes

102 942 249 1006 trochaeus
260 943 307 1004 sel
320 941 576 1022 uocbaopsr,vel
589 951 779 1022 anapaestusr
802 943 876 1004 alter
888 963 956 1005 vero
970 945 1017 1006 vel
1028 947 1200 1026 spondoeus,

101 1038 144 1098 rel
159 1049 343 1118 auapmstus.
395 1039 493 1104 Purus
514 1039 596 1100 enim
618 1039 797 1102 ditrochaeus
822 1049 870 1102 est
890 1041 983 1104 lenior
1009 1063 1149 1111 uumerus
1169 1057 1201 1106 et

100 1133 236 1214 tripudiis
248 1153 339 1214 quam
353 1136 539 1210 sermonibus
549 1136 654 1214 aptior,
668 1136 795 1216 ideoque
812 1136 963 1201 levitatem
975 1139 1062 1203 istam
1076 1139 1199 1220 adjunc-

102 1231 183 1292 tione
195 1230 333 1292 tardioris
346 1229 435 1311 pedis
445 1240 607 1311 temperare
621 1233 718 1294 sinum
731 1243 786 1296 est.

138 1327 249 1388 iliade
262 1328 362 1390 menis
377 1330 546 1408 premissis,
553 1329 618 1409 jam
632 1329 671 1390 sd
685 1349 787 1392 uersus
803 1330 886 1412 ipsos
902 1331 1100 1401 accedamusr
1122 1353 1198 1414 quos

103 1434 133 1484 ut
157 1424 291 1504 penitius
315 1422 525 1505 intelligamus,
549 1435 620 1488 aute
644 1425 743 1491 omnia
763 1426 821 1488 hoc
837 1428 981 1508 principio
1002 1429 1080 1502 loco,
1095 1439 1199 1512 utpote

104 1540 158 1600 quo
172 1531 238 1584 tntu
251 1521 311 1584 isrs
324 1541 371 1582 res
391 1521 544 1596 innitatur,
565 1521 737 1602 ponendum
752 1531 809 1594 est,
829 1542 932 1587 versus
955 1525 1083 1586 comicos
1098 1525 1198 1606 cnjus·

103 1637 226 1698 cumque
252 1619 369 1697 generis
396 1637 455 1678 non
483 1638 536 1700 per
563 1616 711 1698 simplices
732 1616 835 1698 pedes,
866 1617 921 1680 sed
947 1637 999 1698 per
1026 1631 1121 1688 metra
1144 1641 1198 1686 eeu

103 1711 229 1774 berrudim
244 1713 441 1776 dimetiendos
455 1733 533 1776 esse.

138 1809 206 1870 Hoc
219 1819 412 1890 preceptum,
427 1807 508 1890 quod
523 1819 570 1870 est
583 1809 732 1890 quantivis
744 1810 830 1890 pretii
843 1810 876 1872 in
891 1829 922 1871 rs
936 1811 1066 1884 metrice,
1082 1813 1196 1878 Grecis

102 1906 187 1966 unice
200 1905 353 1969 debemus.
396 1907 511 1977 Quibus
526 1925 585 1969 non
606 1915 652 1968 est
665 1907 753 1986 copia
767 1903 943 1973 consulendi
957 1906 996 1968 de
1017 1908 1073 1971 bac
1088 1929 1119 1971 re
1134 1911 1197 1974 lle·

101 1999 275 2079 punctionis
288 2001 481 2062 Alexandrini
494 2001 625 2066 libellum
645 2001 879 2080 dementiaque
899 2001 962 2081 jam
977 2003 1029 2065 diu
1048 2013 1094 2066 est
1108 2006 1196 2072 reris·

102 2098 200 2174 simus,
214 2098 326 2160 adeant
338 2109 440 2160 uetera
452 2097 566 2162 scholia
586 2097 616 2160 in
630 2098 869 2178 Aristophanem,
884 2099 931 2158 rel
945 2099 1075 2163 Triclinii
1088 2104 1119 2162 in
1139 2104 1196 2164 So·

101 2194 254 2273 pboclem:
275 2197 306 2255 in
319 2195 356 2255 iis
369 2195 512 2256 ridebunt
525 2213 628 2256 sersus
643 2213 746 2256 omnes
760 2213 812 2274 per
828 2194 946 2274 integra
959 2195 1010 2259 ills
1020 2197 1130 2276 scripta
1143 2219 1196 2280 per

101 2289 224 2354 broilus
237 2291 406 2353 dimensos:
427 2291 508 2372 quod
524 2290 605 2370 npud
619 2291 741 2352 Groecos
757 2300 817 2352 tam
833 2300 977 2354 constans
990 2291 1055 2365 iuli,
1080 2304 1113 2356 ut
1125 2295 1195 2358 inde

101 2389 364 2451 nominarersibus
377 2389 549 2460 indiderint,
572 2405 608 2450 ac
630 2387 777 2450 trimetros
801 2397 832 2451 et
849 2397 1036 2451 tetrametros
1057 2388 1195 2464 dixerint,

101 2503 175 2562 quos
188 2484 285 2546 Latini
302 2503 363 2546 nnn
384 2484 446 2545 siue
471 2502 580 2563 magno
593 2483 634 2545 rei
657 2483 788 2546 metricas
809 2481 1007 2558 incommodo,
1021 2488 1151 2548 mnerios
1165 2499 1196 2550 et

101 2581 277 2641 octonarios.
319 2580 398 2641 Hinc
411 2581 489 2642 enim
511 2581 621 2642 iactum
633 2591 680 2642 est
701 2591 736 2642 nt
748 2591 833 2644 vetus
846 2580 898 2644 illa
910 2599 962 2660 per
976 2583 1194 2646 metradimen·
1229 2613 1232 2620 ⁴

100 2677 141 2736 sio
154 2676 298 2756 paulatim
311 2677 342 2738 iu
363 2675 587 2737 desuetudinem
609 2677 724 2750 abierit,
743 2687 774 2736 et
787 2696 848 2738 una
868 2697 935 2737 cum
960 2697 996 2737 ea
1010 2679 1049 2739 rei
1064 2679 1194 2738 metricre

101 2773 232 2844 scientie,
246 2771 327 2852 quod
339 2772 377 2832 ad
391 2771 457 2832 hmo
467 2792 604 2832 versuum
617 2773 805 2852 genera,iere
820 2773 1010 2832 interciderit.
1035 2772 1093 2840 Qui
1105 2773 1193 2847 enim,

100 2879 253 2932 metrorum
269 2869 399 2930 subsidio
421 2869 590 2941 destitutus,
605 2868 643 2930 de
663 2887 766 2930 versus
781 2886 919 2930 mensura
931 2866 1065 2947 judicare
1081 2869 1193 2948 nequit,

100 2967 203 3026 nisiex
226 2964 336 3046 pedum
357 2967 532 3046 simplicium
557 2985 689 3036 numero,
711 2985 767 3026 nec
779 2966 843 3045 ipse
857 2979 987 3026 veterum
1007 2965 1193 3026 Comicorum

101 3063 207 3144 scripta
221 3073 291 3142 apte
303 3075 334 3123 et
344 3079 498 3124 numerose
512 3061 601 3142 leget,
616 3081 723 3140 neque,
738 3061 762 3120 si
778 3063 815 3121 ab
831 3061 895 3120 aliis
908 3061 1076 3132 recitentur,
1091 3080 1194 3125 nume·

99 3179 158 3219 rum
173 3161 204 3220 in
219 3159 255 3220 iis
276 3159 405 3238 aliquem
430 3157 649 3239 deprebeudct;
672 3177 727 3218 uec
751 3177 881 3237 unquam
901 3157 985 3230 sciet,
1005 3175 1075 3219 nunt
1091 3175 1194 3220 versus

100 3257 159 3316 suis
173 3256 302 3317 numeris
317 3266 444 3330 constet,
465 3257 521 3318 nisi
535 3255 574 3316 ad
599 3255 710 3336 digitos
731 3256 841 3334 exigat,
856 3253 937 3333 quod
959 3271 1019 3314 uon
1037 3255 1193 3326 molestum

100 3351 198 3428 modo,
215 3351 271 3414 sed
292 3361 324 3413 ct
346 3352 433 3414 nimis
454 3371 543 3432 quam
566 3351 748 3419 absurdum
777 3369 845 3410 cum
869 3357 900 3410 ct
924 3349 1043 3412 nimiam
1064 3348 1094 3410 id
1117 3350 1194 3410 iuter

98 3446 257 3528 legendum
268 3447 315 3508 rel
331 3447 512 3510 audiendum
526 3467 650 3520 moram,
660 3456 854 3527 preterquam
863 3447 1040 3526 respatitur,
1052 3446 1194 3526 postulet,

97 3546 281 3624 gratiamque
295 3564 411 3606 omnem
426 3555 458 3608 ct
466 3553 652 3608 venustatem
665 3559 853 3606 numerorum
864 3543 901 3604 ab
911 3563 991 3616 aure,
1004 3541 1089 3621 cujus
1100 3559 1193 3602 uuum

97 3642 193 3702 estde
205 3643 336 3703 numeris
356 3641 512 3722 judicium,
536 3653 567 3704 et
587 3645 636 3704 cui
650 3639 833 3704 delectendm
857 3639 1005 3720 proecipue
1019 3637 1192 3710 inserviunt,

97 3739 125 3797 in
138 3748 234 3798 totum
254 3739 374 3799 eximat.
417 3739 540 3812 Conna,
562 3739 612 3820 qui
626 3739 759 3802 versibus
773 3737 894 3799 comicie
918 3755 971 3814 per
993 3744 1087 3796 metra
1101 3733 1193 3794 dime-

96 3834 202 3896 tiendis
222 3835 395 3908 assueverit,
417 3835 518 3896 statim
540 3855 577 3896 ex
597 3837 663 3918 ipso
676 3856 777 3898 uersus
802 3853 887 3904 sono,
913 3830 1036 3890 simules
1058 3829 1193 3904 audierit,

5 3961 7 3990 z
95 3933 179 3994 facile
193 3929 344 4011 intelliget
356 3930 441 4012 cujus
454 3933 573 4012 generis
586 3932 635 4006 sit,
651 3952 690 3992 an
704 3931 735 3991 in
755 3937 839 4008 parte
861 3925 962 4005 alique
974 3925 1126 4006 quantitas
1139 3925 1193 3988 de·

5 4025 7 4038 '
95 4029 181 4103 liciat,
195 4039 250 4090 aut
265 4027 378 4108 aliquid
391 4028 452 4089 vitii
468 4029 507 4090 sit
518 4027 549 4088 in
564 4029 710 4095 numeriss
732 4043 789 4088 uec
800 4042 875 4103 opus
887 4031 934 4084 est
947 4021 1140 4102 adjudicium
1153 4021 1192 4083 de

94 4125 136 4185 his
149 4124 316 4198 serendum,
329 4125 403 4185 utin
418 4124 576 4186 concilium
589 4123 699 4205 digitos
713 4121 862 4184 adhibeat.

132 4221 208 4283 Herc
225 4222 267 4284 ita
281 4240 349 4284 esse
371 4241 418 4282 res
442 4223 509 4302 ipsa
531 4219 735 4302 comprobabit
753 4213 975 4296 exemplisque
990 4233 1058 4274 mox
1072 4212 1191 4276 afferam
