2948 4890
496 425 594 474 alvu
619 425 853 476 citriorum.
1161 415 1225 480 138

129 577 184 639 tta,
194 567 273 647 apud
284 567 450 648 Virgilium,
460 565 562 626 ultime
574 565 769 646 precedenti·
781 567 862 626 initio
873 567 1052 648 quandoque
1066 571 1225 650 innequeu·

130 663 167 722 tie
180 663 371 724 absorbetur:
385 661 474 741 quale
487 672 555 724 eet:
577 662 675 725 ‘Ecce
689 661 789 722 iurene
803 663 909 724 enimin
924 661 1027 726 aderat
1042 666 1224 748 Tyrinthiue‚

129 778 305 838 omnemque
318 759 483 820 Accessum
497 758 647 820 lustrent.⁸
689 757 864 838 Cujuemodi
878 779 980 820 verene
993 762 1156 844 ὑπέρμετρα
1178 763 1226 822 di·

130 865 247 925 cuutur,
268 855 357 916 eicuti
378 867 485 936 prmter
499 855 572 915 alios
587 856 748 916 Diomeden
762 856 902 917 ostendit.
943 857 1048 926 Qualis
1063 859 1112 920 ille
1126 861 1225 932 etiam,

129 951 209 1031 epud
222 951 340 1012 Terent.
355 949 385 1010 iu
399 951 494 1012 Andr.
516 950 620 1012 ‘Tuue
634 962 718 1030 pater
741 951 830 1012 modo
852 971 899 1014 me
920 954 1086 1033 prehendit,
1111 955 1153 1016 eit
1173 957 1225 1016 tihi

130 1066 254 1112 uxorem
275 1046 346 1108 dore
369 1065 436 1108 nene
460 1046 558 1110 Hodie
568 1046 587 1106 ε’
606 1049 676 1108 item
701 1047 759 1110 alie
783 1049 887 1122 multe,
909 1053 966 1110 tre.
1018 1050 1068 1114 Sic
1087 1053 1164 1114 enim
1189 1071 1226 1114 ex

130 1144 337 1205 obeerretione
359 1144 544 1224 antiquorum
566 1144 702 1206 codicum
726 1145 873 1226 legimur:
894 1167 949 1208 nec
972 1167 1057 1208 mcor
1078 1149 1226 1222 Donatus,

130 1239 298 1320 etquidem
312 1250 343 1304 et
356 1239 493 1302 Romana
505 1240 596 1300 hebet
608 1253 639 1302 et
661 1241 778 1302 Veneta
799 1242 900 1316 editio,
921 1245 1174 1308 consentientibus
1197 1257 1227 1306 et

129 1336 196 1398 aliie
209 1335 399 1416 quibusdam.
442 1337 498 1398 iiic
519 1337 609 1417 igitur
632 1337 705 1398 iliud
726 1339 800 1398 ‘ee'
817 1340 847 1398 in
871 1339 930 1400 dne
952 1341 1055 1420 prinde
1078 1342 1226 1403 abrorberi

129 1453 254 1496 neoeeee
268 1443 315 1494 ert
327 1433 411 1496 initio
424 1435 588 1514 coquentis,
602 1435 684 1514 quod
699 1448 729 1496 et
743 1435 817 1496 aliae
832 1437 864 1496 fit
875 1436 955 1516 apud
968 1436 1106 1498 eundem.
1149 1439 1226 1498 Sunt

131 1540 230 1594 autem
245 1549 348 1592 remur
361 1531 512 1604 trochaici,
526 1541 567 1603 et,
581 1531 631 1612 qui
645 1531 726 1590 volet
739 1532 844 1603 metiri,
869 1532 911 1592 nic
925 1531 1012 1614 plene
1026 1531 1134 1594 habere
1147 1553 1227 1595 com·

131 1627 233 1706 periet.
255 1627 335 1688 Tulin
345 1637 392 1689 ent
402 1627 452 1688 iiie
463 1648 498 1688 ex
514 1628 650 1708 Hecyra:
666 1635 675 1664 ⁴
689 1628 838 1708 Dirjunxit
851 1629 931 1690 ilium
943 1629 981 1690 ab
995 1629 1056 1702 iile,
1070 1639 1228 1711 postquem

131 1724 239 1804 etipse
254 1743 321 1786 nene
336 1725 375 1784 Et
388 1724 469 1786 iilam
480 1735 511 1784 et
525 1723 601 1784 hanc
614 1743 683 1804 quer
698 1724 778 1784 domi
791 1735 855 1785 eret
865 1727 1006 1805 cognovit
1019 1725 1110 1788 tutin!
1140 1725 1227 1788 Teiee

132 1820 221 1882 etiam
235 1820 317 1900 apud
332 1820 471 1884 Plautum
486 1839 565 1900 nepe
578 1833 755 1882 occurrunt:
777 1821 858 1882 reiut
881 1822 911 1882 in
937 1822 1107 1883 Aulularia:
1128 1823 1228 1884 ‘Gen-

131 1915 195 1976 oen'
210 1916 356 1978 talentum
369 1935 509 1996 magnum
523 1917 637 1978 exorari
650 1929 769 1998 potente
789 1919 837 1978 Ab
851 1919 926 1980 ittoc
940 1919 1032 1992 eene,'
1050 1923 1106 1980 dre.
1149 1919 1228 1989 Quid

133 2025 231 2076 autem
255 2013 370 2084 mirum,
394 2011 421 2072 ri
443 2011 472 2072 in
497 2011 654 2073 trochaicis
676 2014 867 2093 iambicieque
889 2017 1017 2096 reperim
1036 2018 1229 2095 brepptrpom,

133 2129 199 2170 eum
216 2109 246 2170 in
261 2107 418 2189 sapphicis
431 2107 521 2170 eiiam
534 2107 667 2170 inveniet
681 2109 761 2189 apud
778 2111 954 2172 Horatium?
976 2111 1106 2172 Utuntur
1117 2113 1230 2174 Comici

133 2219 164 2268 et
188 2205 310 2268 dieresi
330 2204 504 2277 identidem,
526 2203 675 2284 quomodo
699 2205 730 2266 iu
747 2203 891 2286 Adelphii
912 2207 1008 2288 ‘jem'
1028 2207 1119 2268 remei
1141 2221 1230 2288 etque

133 2305 238 2369 iterum
253 2301 432 2382 dieyliabum
445 2299 563 2380 legitur,
583 2312 661 2362 utet
675 2301 752 2382 npud
769 2303 907 2364 Plautum
922 2323 1144 2384 nonuunquam.
1185 2307 1231 2369 ite

134 2398 215 2480 epud
230 2397 394 2470 Catullum,
407 2403 415 2434 ‘
428 2397 545 2460 noluitr'
565 2397 645 2478 apud
661 2399 825 2472 Horatium,
841 2399 955 2480 ‘tyium
965 2400 984 2460 τ’
998 2400 1077 2482 apud
1093 2401 1230 2474 Statium,

136 2495 274 2562 ‘cuiinit'
301 2494 341 2556 Et
354 2493 503 2556 contrarie
522 2493 591 2556 huic
609 2495 704 2575 figora
718 2495 892 2577 Synereair,
905 2517 973 2578 qum
986 2507 1018 2558 et
1029 2500 1232 2580 heruncheim)

135 2591 252 2666 dicitur,
273 2611 334 2672 qua
351 2591 427 2652 duur
449 2591 479 2650 in
504 2609 594 2652 unam
615 2590 759 2672 eyiiabem
781 2594 979 2655 contrahunt:
1000 2603 1044 2668 nt,
1065 2597 1235 2668 ‘eerribam’

134 2709 198 2770 pro,
212 2689 382 2756 nerviabanr
404 2689 542 2761 ‘mibness
556 2707 620 2768 pro,
634 2688 770 2750 ociebenr
792 2689 878 2750 ricuti
898 2689 978 2770 apud
993 2691 1076 2770 Virg-
1098 2693 1233 2752 ‘Ferrei-

136 2805 193 2864 que
208 2784 406 2846 Eumenidum
419 2785 560 2858 thalami,'
575 2795 606 2844 et
619 2803 699 2862 rape
715 2785 799 2844 alian.
828 2785 980 2862 Frequene
990 2784 1079 2844 etiam
1091 2796 1138 2846 ert
1152 2787 1232 2868 apud
1328 2801 1332 2808 ’

136 2881 307 2944 Terentium
320 2881 350 2942 iu
364 2901 500 2944 versuum
514 2881 668 2943 mensione
681 2883 845 2960 maiorer),
856 2899 924 2960 qum
935 2881 978 2953 fit,
989 2899 1055 2940 cum
1067 2881 1097 2940 in
1108 2881 1233 2944 diremit

137 2977 316 3040 diotiouihun
331 2978 474 3038 vocalium
490 2978 566 3038 inter
580 2997 613 3038 ne
627 2976 796 3038 coeuntium
811 2976 902 3038 nitere
916 2977 997 3036 reiut
1010 2977 1191 3051 obliteratur,
1205 2991 1236 3041 et

138 3075 275 3152 ὄκθλιψιι,
288 3075 405 3156 quotie·
418 3094 448 3136 m
461 3093 529 3135 cum
542 3071 637 3135 vocali
650 3071 835 3154 precedente
849 3071 1023 3134 excluditur.
1055 3073 1235 3155 Quanquam

137 3191 198 3232 aon
212 3191 329 3254 semper
341 3171 419 3233 idem
433 3171 502 3234 elidi
522 3171 641 3232 nclitum
655 3171 733 3251 epud
748 3170 871 3232 Veteres
885 3179 1010 3230 tentatur
1024 3170 1168 3232 Princinn.
1182 3173 1234 3233 lib.

139 3289 163 3330 ι.
184 3269 268 3330 reiut
281 3268 361 3350 apud
375 3267 543 3330 Terentium
563 3267 593 3328 in
617 3267 753 3328 Eunuchi
774 3279 833 3331 eet.
857 3287 912 3327 ru.
935 3287 1025 3328 neena
1040 3271 1069 3328 3.
1090 3267 1180 3328 ‘Une
1194 3269 1235 3329 ire

137 3384 205 3426 cam
220 3365 316 3426 emim
328 3365 532 3445 imperatorem
546 3365 577 3424 in
587 3365 655 3428 ria!
683 3363 737 3424 Eat
748 3365 826 3424 enirn
836 3365 967 3426 necundo
982 3365 1050 3426 loco
1059 3365 1234 3446 tribrachyn.

139 3461 229 3531 Quod
242 3463 268 3522 ni
282 3483 313 3522 m
325 3461 463 3533 elidetur,
484 3463 539 3522 erit
552 3459 659 3522 ibidem
672 3461 865 3542 pyrrhichiur,
889 3462 937 3522 eui
953 3461 1052 3522 nulius
1066 3461 1096 3520 in
1110 3463 1235 3523 iambico

138 3559 234 3622 inrue.
276 3559 326 3618 Sic
348 3555 437 3618 alibi:
457 3557 606 3618 ‘Primum
628 3560 725 3631 irtam,
749 3577 838 3638 quam
852 3558 955 3632 heber,
968 3558 1050 3618 unde
1063 3557 1155 3620 haber
1169 3577 1236 3617 ven·

138 3653 222 3716 terni
246 3653 351 3714 taceo?
386 3652 500 3714 Eodem
513 3653 603 3715 modo
624 3654 703 3734 upud
718 3654 904 3724 iuvenalem,
929 3653 1026 3715 ‘Cum
1039 3665 1158 3736 propter
1172 3654 1238 3732 plu·

137 3753 210 3814 rhua
223 3761 288 3812 tum
301 3749 348 3810 hin
362 3750 516 3830 Prrecipne
529 3751 649 3824 οαιιιίο,Ι
662 3755 769 3832 Satyro
783 3771 834 3814 rx.
870 3751 916 3810 De
930 3751 1032 3830 ligurio
1046 3749 1236 3838 ceteriuuihii

139 3847 187 3909 hic
201 3844 363 3908 dicendum
377 3856 459 3928 puto.
