2958 4892
253 363 319 428 280
620 375 852 426 raascrsous
876 375 980 426 asan

256 519 382 600 generis,
407 539 474 598 quaa
504 517 616 578 scilicet
643 517 747 578 insitas
767 519 921 578 uerborum
933 517 1112 598 quantitates
1128 527 1250 596 augent,
1271 529 1301 578 et
1319 521 1348 578 iu

256 615 400 696 prosodiae
415 613 497 693 leges
510 623 644 694 peccant,
657 621 691 674 ut
704 611 834 692 syllabas
848 607 1064 673 n'aturabreves
1075 611 1257 692 producant3
1280 633 1348 692 quae

256 713 316 771 lara
331 720 401 770 sunt
413 709 591 790 hujusmodi.

297 803 406 878 Primo,
429 804 617 886 synaloephas
641 805 742 864 crebro
765 803 929 882 negligunt,
954 813 985 862 et
1007 787 1151 862 vocalium
1173 823 1349 876 concursus,

258 920 314 962 nec
328 899 461 960 vocalem
481 919 517 960 ue
531 901 650 960 brevem
663 898 784 978 quidem
803 897 928 968 elidunt,
943 896 989 956 bis
1008 899 1155 978 praecipue
1177 899 1273 968 locis;
1305 920 1350 959 se·

259 1007 367 1076 quente
382 993 578 1075 diphthongo,
600 1005 668 1056 ante
682 1012 817 1076 pausam,
832 993 863 1053 in
875 993 1078 1074 bisegmentis,
1088 1004 1119 1053 et
1130 1013 1199 1054 curn
1213 994 1273 1054 alia
1286 1013 1351 1075 per·

259 1109 334 1152 sona
347 1091 495 1152 dicentem
511 1090 630 1170 excipit.

301 1187 449 1261 Secundo,
463 1188 493 1247 in
507 1188 676 1269 dissyllabis
691 1186 868 1267 quibusdam
882 1186 1007 1266 priorem
1021 1205 1081 1247 non
1092 1205 1157 1247 raro
1171 1187 1351 1268 producunt,

262 1293 295 1342 nt
309 1283 349 1357 in,
373 1285 411 1357 ei,
432 1285 482 1356 rei,
507 1283 588 1364 spei:
619 1303 687 1361 quaa
712 1293 783 1344 tunc
807 1282 940 1362 iduplici
965 1281 1053 1343 scribi
1077 1283 1184 1344 solent.
1228 1282 1352 1344 Plautus

261 1379 349 1438 etiam
377 1378 480 1439 eadem
504 1378 622 1439 licentia
636 1398 706 1438 usus
730 1389 777 1437 est
802 1377 843 1449 in,
867 1389 947 1450 tuus,
972 1397 1054 1451 suus,
1075 1397 1153 1450 euru,
1169 1377 1273 1447 Densa
1296 1397 1355 1458 qua
1468 1429 1469 1442 .

261 1473 380 1534 licentia
405 1473 486 1534 nulla
513 1474 609 1534 minus
636 1473 723 1534 venia
745 1471 982 1554 videturdigna3
1015 1493 1166 1554 nunquam
1186 1483 1269 1535 certe
1289 1493 1353 1534 eam
1468 1467 1469 1494 ¹

262 1569 397 1630 adhibuit
409 1570 574 1630 Terentius.
1468 1619 1469 1660 ;

302 1665 409 1734 Tertio,
425 1666 528 1726 finales
543 1665 672 1746 syllabas
685 1667 789 1726 breves
802 1665 831 1724 in
846 1665 951 1744 quasis
966 1664 1037 1728 sede
1051 1677 1121 1726 anta
1136 1665 1353 1745 diphthongum
1468 1661 1469 1728 J

263 1760 439 1841 producunt,
463 1771 506 1834 ut,
530 1761 561 1820 id
587 1779 700 1833 aurum,
725 1760 778 1820 sed
801 1779 929 1840 aequum,
955 1760 1119 1829 inaudivit;
1140 1780 1196 1822 nec
1211 1781 1273 1822 non
1288 1773 1355 1819 ante
1468 1795 1469 1854 y

263 1857 396 1916 vocalem
410 1857 542 1936 quamuis
563 1857 593 1916 in
615 1856 816 1936 bisegmcntis,
839 1867 870 1918 et
882 1857 911 1916 vi
925 1877 1067 1923 caesurae:
1089 1855 1121 1916 id
1134 1856 1215 1938 quod
1230 1857 1355 1916 Plautus
1468 1879 1469 1940 j

265 1971 345 2031 saepe
368 1953 439 2012 lecit
458 1955 489 2012 in
510 1953 631 2013 vocibus
654 1950 819 2033 dactylicis,
843 1973 910 2015 cum
932 1952 962 2012 iu
977 1951 1072 2013 vocali
1093 1962 1200 2013 exeunt
1214 1963 1356 2032 sequente

265 2066 416 2117 consona:
446 2047 500 2108 sed
519 2059 550 2110 et
573 2047 703 2109 vocalem
725 2049 842 2112 brevem
861 2057 1006 2128 sequente
1029 2051 1117 2110 ctiam
1130 2047 1226 2110 vocali
1245 2049 1355 2130 saepius

264 2143 405 2222 produxit
417 2145 447 2205 in
461 2145 662 2225 bisegmentis.

307 2239 430 2314 Quarto,
444 2260 475 2300 re
496 2240 711 2321 incompositis
732 2240 840 2320 saepius
862 2240 1030 2320 producunt
1053 2260 1213 2302 consonam
1229 2261 1300 2322 quae
1314 2261 1358 2302 sc·

207 2370 217 2378 -
268 2333 365 2412 quitur
380 2335 568 2415 geminando,
582 2337 669 2407 utin,
683 2333 787 2409 redux,
801 2335 920 2410 reduco,
932 2337 1042 2399 retulit.

309 2429 432 2503 Quinto,
457 2432 486 2489 in
500 2429 691 2511 polysyllabis
715 2449 795 2510 saepe
815 2430 983 2510 producunt
1002 2432 1276 2512 antepenultimam,
1289 2452 1360 2493 con·

269 2533 314 2584 tra
325 2525 472 2604 prosodia
493 2526 587 2605 leges,
612 2525 636 2585 si
651 2527 680 2584 in
695 2545 760 2586 cam
779 2526 869 2587 cedat
892 2538 1044 2602 accentus,
1069 2539 1104 2589 nt
1117 2529 1159 2602 in,
1171 2531 1360 2602 consentitis,
1468 2573 1469 2588 .

267 2618 494 2694 conductitium,
508 2621 692 2702 projectitia,
707 2622 863 2696 emissitiis,
889 2633 919 2682 et
933 2624 997 2683 aliis
1018 2625 1049 2686 iu
1074 2625 1131 2684 itiis
1145 2623 1361 2686 desinentibus.

270 2717 329 2776 Sed
344 2716 469 2779 Plautus
482 2718 539 2778 hac
560 2717 681 2778 licentia
693 2737 765 2777 usus
781 2727 828 2777 est
841 2718 929 2778 etiarn
950 2718 980 2777 in
995 2717 1173 2799 dissyllabis,
1187 2737 1255 2778 cum
1270 2718 1361 2780 encli-

269 2812 512 2892 ticsaadjectione
527 2823 666 2875 accentus
690 2821 833 2885 moretur,
859 2813 996 2893 AEraque,
1021 2815 1176 2893 Lactequc,
1201 2813 1230 2871 in
1254 2815 1361 2893 quihus

271 2907 319 2966 rel
331 2910 477 2970 secundas
490 2910 640 2990 produxit,
654 2909 712 2981 rel,
727 2927 793 2986 quc,
817 2910 847 2968 in
872 2909 947 2969 duas
971 2909 1100 2990 syllabas
1119 2907 1258 2968 resolvit:
1282 2909 1362 2970 idem

272 3004 361 3064 etiam
374 3005 403 3064 in
415 3007 537 3066 vocibus
548 3005 698 3084 quaternis
710 3014 761 3064 aut
769 3005 865 3083 quinis
881 3007 1004 3086 syllabis
1013 3005 1216 3066 constantibus
1226 3005 1363 3084 primam,

273 3103 389 3160 brevem
411 3101 488 3172 licet,
510 3103 577 3179 plus
592 3101 682 3160 semel
696 3100 845 3180 produxit,
869 3114 904 3164 ut
916 3103 958 3177 in,
972 3105 1158 3176 “amarentua
1172 3101 1365 3173 amatoribus,

273 3195 423 3256 amatorie.

194 3365 196 3370 Α
314 3291 414 3364 Sexto,
428 3291 438 3349 i
451 3301 481 3352 et
494 3312 513 3350 u
527 3293 629 3354 breves
643 3295 672 3353 in
697 3295 797 3374 primis
812 3303 864 3356 aut
887 3289 991 3354 mediis
1013 3291 1135 3376 syllabis
1149 3301 1217 3352 aute
1231 3293 1365 3354 eoadem

273 3386 450 3466 producunt,
464 3399 498 3448 nt
509 3389 550 3461 in,
563 3390 637 3461 ierit,
653 3390 750 3465 lirerit,
766 3393 891 3472 pluerat,
905 3390 1048 3464 audierat,
1060 3389 1204 3450 habueris

313 3482 456 3560 Septimo,
482 3503 572 3543 unam
601 3485 745 3565 syllabam
769 3486 799 3546 in
827 3486 902 3546 duas
930 3486 1092 3557 resolvunt,
1112 3483 1158 3545 rel
1185 3482 1366 3544 resolutione

276 3578 463 3660 diphthongi,
475 3589 507 3638 ut
522 3579 562 3652 in,
573 3579 709 3658 hospitae,
722 3581 838 3654 Cliniae,
853 3601 949 3662 aquae,
962 3581 1009 3642 vel
1022 3583 1032 3641 i
1046 3591 1076 3642 et
1087 3599 1107 3639 u
1120 3597 1268 3639 consonas
1279 3579 1370 3639 inro-

273 3675 353 3736 cales
368 3674 521 3746 mutando,
535 3685 570 3734 ut
582 3675 625 3749 in,
637 3677 705 3750 iam,
724 3677 805 3756 quod
820 3697 900 3758 saepe
923 3679 957 3736 iit
970 3675 1174 3756 dissyllabum,
1194 3675 1296 3748 larvae,
1311 3675 1369 3736 lar-

274 3781 371 3842 uatus,
384 3771 501 3844 milvus,
515 3775 571 3832 dre.
595 3791 663 3850 qum
683 3772 806 3832 mutatio
830 3791 891 3832 non
912 3772 997 3844 dura,
1022 3779 1073 3830 aut
1093 3778 1199 3830 coacta
1211 3769 1372 3844 ridebitur,

274 3869 310 3939 si,
324 3887 391 3944 quoe
404 3867 485 3945 prius
499 3866 560 3926 dixi
574 3866 612 3926 de
627 3865 759 3946 legitima
773 3868 872 3927 literas
887 3867 954 3939 has,
968 3887 1035 3926 curu
1049 3885 1190 3926 consonas
1205 3875 1288 3938 sunt,
1301 3885 1372 3946 pro·

274 3959 429 4020 nuntiandi
444 3960 566 4032 ratione,
590 3963 619 4020 in
642 3963 771 4023 animum
786 3981 970 4023 revocemus.
1010 3962 1050 4020 Et
1070 3959 1128 4022 hec
1150 3961 1225 4021 sorte
1239 3961 1371 4036 licentia,

274 4055 344 4132 qnid
358 4065 389 4115 et
403 4075 459 4133 quc
474 4055 618 4116 interdum
633 4055 739 4118 Plauto
751 4059 895 4136 producta
909 4067 988 4118 sunt.

316 4149 441 4222 Octavo,
454 4152 475 4210 h
488 4170 629 4212 consonae
643 4171 724 4230 serpe
742 4154 798 4213 vim
813 4153 912 4226 habet,
933 4163 968 4214 nt
991 4151 1138 4234 syllabam
1158 4152 1278 4212 brevem
1292 4151 1375 4231 posi-
1468 4219 1469 4248 ,
