3012 4892
264 371 309 440 ot
681 387 729 436 ns
752 345 945 436 ruusrrro.

265 528 499 590 reiutbistorics
519 527 593 590 fides
615 547 692 589 verre
719 527 904 599 narrationis,
928 535 958 588 et
972 527 1134 586 nominatio
1158 527 1301 598 omniurn,
1322 525 1362 584 de

265 625 373 703 quibus
386 624 578 686 scribebatur.
619 623 690 696 Sed,
704 642 771 684 curn
785 625 882 701 poeto
904 622 934 681 in
948 621 1109 682 Comoeffiu
1124 623 1206 682 sbuti
1224 623 1363 682 licentius

265 721 354 798 stylo,
381 729 412 778 et
439 718 552 798 pussirn
579 718 687 778 ledere
714 737 752 778 ex
778 717 900 780 libidine
934 719 1096 796 coepissent
1128 718 1228 797 plures
1254 719 1364 790 bonos,

264 815 331 894 lege
346 814 417 888 lete,
435 834 473 876 ne
486 813 642 895 quisquam
663 813 693 872 in
708 813 833 874 alterurn
849 813 958 874 inisnre
971 832 1089 876 carmen
1104 813 1254 884 scriberet,
1276 823 1364 874 tecn-

265 921 361 972 erunt.

307 1009 413 1087 Sntyre
425 1005 533 1068 exinde
547 1005 652 1066 sumsit
664 1003 827 1066 exordium.
863 1005 976 1082 Estque
989 1022 1084 1082 mnus
1099 1003 1231 1076 Fubulse,
1242 1024 1311 1083 quse
1325 1023 1362 1064 ex

266 1102 391 1184 Satyris,
401 1120 476 1180 quos
488 1101 588 1162 ittosos
597 1109 628 1160 et
641 1099 810 1178 petulantes
821 1099 903 1160 Deos
914 1117 980 1160 esse
994 1099 1114 1173 scirnns,
1126 1117 1233 1160 nomeu
1244 1103 1363 1162 sumsit.

266 1196 336 1258 Fuit
348 1208 446 1260 sutem
459 1195 615 1276 ejusmodi,
629 1207 663 1256 ut
675 1195 706 1256 in
720 1215 766 1270 es,
778 1197 913 1275 quemvis
926 1194 1001 1256 duro
1012 1205 1043 1256 et
1053 1196 1161 1276 agresti
1171 1197 1252 1275 joco,
1262 1206 1361 1256 temen

264 1293 335 1354 vitis
347 1293 510 1366 bominum,
525 1293 588 1356 sine
602 1291 665 1354 ullo
678 1292 787 1372 proprii
801 1291 927 1354 nominis
942 1289 1039 1366 titulo,
1058 1302 1258 1371 carperentur,
1272 1301 1363 1370 etque

265 1408 317 1468 per
339 1389 462 1468 scirpos,
486 1399 518 1448 et
541 1387 711 1468 enigmata,
735 1405 854 1466 ningues
875 1405 922 1448 res
946 1386 1191 1450 describerentur.
1232 1387 1268 1446 id
1292 1405 1362 1446 sero

264 1504 359 1562 genus
373 1483 496 1546 Febulrn
510 1484 610 1545 multis
625 1484 719 1544 obfuit
731 1484 838 1563 potus,
850 1503 918 1546 curu
929 1484 961 1542 in
975 1483 1173 1564 suspicionem
1190 1483 1362 1563 potentibus

265 1579 380 1642 civibus
393 1581 554 1653 venissent,
569 1581 650 1660 quod
663 1579 780 1640 illorum
802 1579 882 1640 iectu
906 1577 1134 1660 descripsissem
1156 1579 1187 1640 in
1208 1579 1305 1659 pejus,
1325 1597 1362 1640 ec

265 1673 481 1738 deformusscnt
494 1676 615 1738 Fsbulae
626 1694 720 1755 genus
736 1674 815 1754 stylo
828 1675 976 1734 carminis.

307 1770 383 1832 Post
403 1771 550 1834 exoletum
573 1771 710 1850 Satyrum
732 1769 883 1828 inventum
905 1779 951 1829 est
973 1787 992 1828 e
1015 1769 1111 1848 po'e'tis
1132 1769 1214 1830 slisd
1240 1769 1362 1831 Febulm

265 1887 371 1949 genus,
384 1887 452 1946 qum
467 1863 622 1926 Comoedio
635 1863 723 1924 Nove
735 1863 816 1923 diets
830 1873 886 1925 est.
928 1865 974 1924 Ee
985 1875 1051 1924 erut
1064 1863 1188 1936 Fsbuls,
1203 1865 1361 1926 continens

265 1961 424 2041 imaginem
448 1961 576 2024 civilium
602 1980 637 2022 uc
651 1959 829 2040 prirstmum
850 1979 966 2022 rerum:
997 1979 1058 2040 qua
1082 1959 1264 2032 discebatur,
1287 1962 1362 2040 quid

266 2069 348 2121 esset
359 2057 390 2118 in
403 2056 465 2116 rite
477 2056 561 2130 utile,
574 2055 647 2135 quid
661 2053 842 2116 evitandum.
879 2055 966 2115 Unde
980 2055 1022 2116 sit
1033 2056 1148 2128 Cicero,
1160 2062 1169 2090 ⁸
1179 2056 1361 2118 Comoedism

264 2173 334 2216 esse
355 2151 548 2216 imitationem
571 2151 651 2224 vitm,
676 2149 830 2230 speculum
853 2149 1090 2226 consuetudinis,
1114 2151 1273 2230 imsginem
1286 2155 1362 2213 reri·

245 2249 356 2312 'tntisl

306 2345 422 2406 Nomen
436 2341 527 2404 bebet
540 2341 703 2414 Comoedie,
725 2341 772 2404 rel
794 2359 813 2402 e
835 2342 940 2416 Conso,
965 2340 1031 2402 Deo
1052 2342 1288 2414 comessationis,
1313 2344 1361 2406 rei

266 2443 305 2504 sb
318 2459 355 2502 eo
368 2439 450 2520 quod
471 2439 596 2518 primum
610 2438 808 2500 Athenienses
822 2457 874 2517 per
888 2437 969 2499 vicos
982 2437 1081 2500 adnue
1095 2437 1220 2517 dispersi
1239 2459 1278 2500 ex
1297 2459 1362 2500 orn·

265 2537 352 2596 nibus
366 2534 440 2596 locis
454 2534 517 2594 laeti
532 2532 703 2614 alacresque
719 2534 953 2596 conveniebant:
974 2533 1072 2612 ibique
1086 2533 1208 2596 rudibus
1222 2544 1253 2595 et
1265 2535 1362 2596 incul-

265 2632 303 2692 tis
316 2631 450 2692 rersibus
464 2629 672 2707 potentiorum,
692 2629 874 2708 aliorumque
895 2629 966 2690 iteru
979 2628 1130 2692 bominum
1144 2629 1214 2690 ritis
1226 2631 1362 2692 nomine-

264 2725 318 2788 tim
330 2723 578 2804 perstringemus.
620 2723 737 2784 Nomen
752 2731 850 2784 nutem
864 2722 1070 2804 compositum,
1084 2726 1140 2786 diri
1153 2737 1203 2786 res
1216 2727 1361 2804 ropddm

265 2818 415 2897 xcidisse.
458 2819 492 2880 ln
508 2835 634 2890 summo,
656 2815 812 2880 comedis
833 2827 882 2878 est
903 2818 1009 2898 poiens
1027 2819 1083 2878 sub
1106 2818 1268 2880 imitatione
1292 2821 1360 2880 vitm

265 2933 301 2974 ec
314 2913 502 2976 similitudine
515 2913 721 2992 compositum,
742 2915 772 2974 in
786 2924 873 2992 gestu
887 2923 918 2974 et
930 2914 1167 2994 pronuntiatione
1181 2915 1360 2978 consistens.

263 3009 302 3072 In
313 3027 350 3072 ee
363 3009 526 3070 mediocres
547 3009 673 3070 fortunus
687 3009 850 3082 bominum,
873 3009 955 3088 perri
969 3010 1105 3088 impetus,
1119 3011 1249 3090 pericula
1261 3015 1360 3092 quoti·

264 3103 364 3177 disne,
378 3103 549 3165 turbulente
560 3103 712 3184 principis,
736 3103 855 3182 letique
878 3104 997 3164 inerunt
1016 3105 1123 3179 exitus,
1147 3118 1178 3168 et
1191 3107 1260 3168 dcte
1273 3127 1360 3189 ergu-

263 3209 375 3260 mente'.
415 3199 520 3260 Cernit
532 3218 652 3278 quoque
666 3199 756 3260 cboro
770 3219 848 3260 nore
862 3199 1025 3274 comedia,
1039 3213 1143 3262 contro
1153 3223 1242 3282 quem
1253 3204 1360 3276 Vetus,

264 3294 465 3376 psulstimque
490 3313 683 3376 personarum
710 3315 832 3358 numero
859 3297 889 3356 in
914 3297 1044 3375 quinque
1073 3299 1168 3359 Actus
1196 3305 1359 3379 processit:

264 3390 346 3470 quod
359 3401 431 3454 tunc
442 3411 512 3454 cum
526 3392 565 3454 sd
578 3403 715 3454 centones
729 3393 767 3452 eb
781 3392 929 3454 actoribus
942 3393 1088 3454 nenton
1100 3395 1124 3454 F
1126 3395 1222 3467 sbuls,
1236 3415 1360 3458 consur·

265 3495 348 3566 geret
360 3496 392 3546 et
404 3487 497 3548 abiret
518 3487 657 3569 populus.
699 3489 735 3550 ln
755 3507 793 3549 ee
813 3489 902 3562 etiem
923 3507 1115 3567 personarum
1137 3502 1259 3552 ornetur
1282 3494 1359 3554 nlius

264 3583 471 3656 iurentusest,
482 3583 584 3663 pellic,
598 3586 689 3657 socci,
704 3594 735 3646 et
747 3583 778 3644 id
793 3603 887 3663 genus
902 3596 1010 3646 uetere.

305 3676 380 3740 Post
393 3677 509 3742 Novem
523 3681 707 3742 Comoedism
719 3681 817 3742 Latini
831 3680 927 3741 multe
942 3679 1120 3742 Fabulsrum
1134 3701 1244 3761 puers
1257 3695 1359 3764 proto·
1479 3669 1484 3681 ’

263 3773 370 3847 lerunt,
393 3795 461 3856 ques
483 3787 584 3838 temen
609 3775 774 3838 Comoedia
798 3775 981 3842 dicebantur.
1021 3775 1151 3856 Togatae
1173 3783 1358 3842 recubante

263 3869 389 3932 scenicis
403 3871 593 3949 indumentis,
606 3894 675 3954 que
691 3874 856 3934 Rumonem
876 3883 976 3953 togam
989 3891 1051 3952 pree
1066 3893 1098 3936 se
1118 3875 1262 3948 terebrent,
1275 3887 1306 3936 et
1319 3879 1358 3938 eb

264 3970 444 4045 argumentis
469 3968 600 4038 Latinis:
632 3969 827 4030 Pretextutes
851 3969 1028 4048 sdignitote
1050 3983 1082 4032 et
1094 3971 1203 4032 uestitu
1213 3991 1359 4051 persons·

264 4079 338 4134 rum,
358 4072 389 4124 et
409 4061 515 4126 Latine
534 4065 676 4126 bisteriut
697 4065 852 4126 Atellanas
872 4067 910 4128 sb
924 4067 1034 4142 Atella,
1057 4068 1203 4129 Oscorum
1228 4069 1357 4144 cisitute,

265 4154 316 4217 ubi
328 4155 456 4222 iurentur
471 4160 629 4224 dicuutur:
650 4181 695 4226 ese
709 4162 820 4225 solibus
832 4181 1001 4245 conspersa
1014 4175 1108 4238 erem,
1131 4183 1167 4226 ec
1183 4164 1261 4243 jocis
1275 4183 1356 4228 corn·
1412 4159 1416 4166 ’
