2948 4890
252 397 316 462 144
556 409 692 462 tunsus
716 409 846 460 nassa
870 409 1056 462 sosarnus

251 551 497 632 pronuntiatione.
538 551 586 611 Ad
598 551 675 625 lroec,
690 553 715 612 si
729 553 857 613 omnium
873 554 1090 615 morosissimus
1114 573 1177 634 pas,
1201 573 1238 616 ac
1261 575 1349 638 paene

251 651 341 721 ferus,
356 647 550 730 ἀντιβακχίοε,
563 650 592 708 ἱιι
606 649 755 710 heroicum
771 662 906 730 receptus
921 663 967 711 eat
981 651 1060 730 apad
1076 652 1256 718 Homerum:
1280 675 1349 714 crim

252 747 424 822 Αἰγύπτιον,
438 759 467 806 at
481 745 646 823 ἀνδροτῆτα,
663 747 735 807 iacit
747 761 781 807 ut
794 747 944 828 dactylum
960 749 1133 828 primoribus
1148 748 1272 828 syllabis
1287 770 1350 811 am·

251 845 427 924 plectantur,
456 841 539 901 nulla
562 861 655 903 causa
677 853 733 915 est,
754 843 823 924 quin
849 843 978 904 rationes
1001 845 1089 904 etiam
1123 846 1347 907 auctoritatibus

252 939 432 1000 fulciantur:
453 957 527 1019 quas
543 939 683 998 Erasmus
697 937 723 998 si
737 936 907 1016 diligentius
920 941 1127 1013 recensuisset,
1142 959 1201 1000 non
1216 952 1348 1002 transtu-

252 1035 336 1096 lisset
349 1035 596 1115 praepositionem,
621 1032 693 1105 ‘eal
713 1034 742 1094 in
759 1035 895 1096 Eunuchi
919 1025 1064 1117 pr'ologo:
1090 1037 1143 1112 sie,
1164 1035 1249 1106 ‘Qui
1272 1041 1349 1100 bene

252 1132 405 1204 vertendo,
426 1142 457 1192 et
469 1152 520 1192 ess
535 1131 729 1192 describendo
743 1129 830 1204 male,
845 1151 883 1192 err
898 1132 1011 1193 Graecis
1025 1134 1122 1207 bonis,
1145 1133 1266 1194 latinas
1282 1137 1352 1196 lecit

254 1249 313 1290 non
328 1228 443 1289 bonas!
483 1227 572 1297 Quod
586 1226 722 1306 equidem
737 1237 771 1288 ut
794 1247 853 1308 uon
878 1229 1023 1308 improbo,
1047 1230 1089 1290 ita
1112 1231 1269 1292 eonsilium
1293 1251 1353 1292 non

253 1326 355 1398 laudo,
377 1345 436 1404 quo
451 1324 598 1385 adductus
610 1336 665 1400 est,
680 1335 713 1385 ut
723 1325 752 1385 id
767 1325 888 1400 iaceret,
899 1327 937 1386 ob
948 1327 1176 1408 amphimacrum
1185 1327 1353 1388 vitandum.

254 1424 304 1496 At,
329 1423 354 1483 si
377 1422 423 1482 bis
446 1421 607 1482 rationibus
622 1441 681 1481 nou
697 1423 878 1501 acquiescat,
892 1424 1034 1505 exemplis
1048 1424 1152 1484 saltem
1167 1423 1290 1484 medere
1303 1443 1354 1485 eo·

253 1529 359 1600 gatar:
380 1539 448 1598 quoe
471 1539 640 1599 quanquam
662 1519 806 1580 habebam
829 1539 916 1601 paene
940 1519 1065 1592 inlinita,
1088 1530 1186 1579 tamen
1208 1529 1239 1580 et
1260 1521 1355 1580 multa

254 1615 349 1689 omisi,
362 1617 392 1674 in
407 1617 514 1695 quihus
527 1625 651 1696 possent
661 1615 863 1696 tergiversari:
880 1627 910 1675 et
923 1615 981 1676 alia
993 1615 1076 1676 firma
1090 1633 1175 1694 poene
1189 1616 1354 1688 innumera,

254 1733 291 1773 ne
305 1712 425 1772 taedium
440 1723 587 1792 parerent.
628 1712 737 1773 Paucis
760 1712 848 1792 igitur
871 1713 1003 1774 conteuti
1025 1713 1127 1772 simas.
1169 1711 1214 1770 Ex
1236 1711 1355 1793 Hecyra

254 1809 343 1886 igitur
363 1829 430 1870 cnm
456 1807 528 1868 illud
553 1827 708 1886 possemus
732 1807 900 1870 adducere:
922 1817 1009 1869 ‘earn
1031 1807 1231 1868 calamitatem
1255 1821 1355 1868 restra
1468 1855 1470 1860 .

251 1905 449 1983 intelligentia
459 1904 477 1962 :⁹
497 1903 716 1982 supersedimus
739 1903 854 1964 duabus
877 1904 915 1964 de
938 1905 1058 1965 causis:
1082 1905 1222 1984 quoniam
1245 1915 1277 1964 et
1299 1905 1354 1985 ipsi

255 2000 396 2079 liquidam
411 2019 469 2060 non
486 1999 639 2080 geminant
652 1999 682 2058 in
697 2010 847 2081 postrema
868 2000 1016 2061 dictione:
1037 2009 1068 2062 et
1090 2021 1156 2074 nos,
1179 2019 1354 2080 pronomen,

255 2095 335 2176 qnod
355 2097 448 2176 primo
462 2097 529 2156 loeo
543 2095 670 2176 positum
693 2107 750 2168 est,
773 2095 1009 2177 monosyllabum
1029 2097 1241 2176 agnoscimus3
1264 2117 1354 2177 quara
1463 2127 1469 2144 ·

256 2193 410 2254 audiamus
425 2211 462 2253 err
476 2192 630 2253 Asinaria:
652 2199 660 2228 ⁴
675 2191 761 2254 Forte
775 2193 801 2253 si
816 2194 921 2254 tussire
935 2195 1087 2274 occoepsit,
1111 2213 1149 2255 ne
1172 2195 1215 2255 sie
1228 2195 1356 2256 tussiat!

256 2289 334 2349 Puto
356 2301 454 2350 autam
478 2289 521 2350 sic
546 2289 703 2369 legendum
727 2290 920 2371 praecipient:
941 2289 1016 2351 Fors
1038 2292 1066 2351 si
1086 2291 1200 2351 turin.
1243 2291 1322 2351 Nam
1336 2292 1355 2350 ii

255 2387 350 2466 magis
364 2399 450 2446 erunt
460 2383 583 2454 ferendi,
594 2405 683 2466 quarn
694 2388 744 2466 qui
758 2388 905 2468 patebunt
917 2387 1166 2466 conjunctionem,
1181 2387 1217 2460 si,
1229 2389 1354 2467 corripi:

254 2492 288 2540 ut
301 2481 342 2552 in,
356 2480 422 2550 uisi,
437 2492 467 2540 et
488 2480 529 2552 in,
552 2481 707 2559 siquidem.
749 2481 848 2550 Quare
870 2481 929 2542 alia
950 2500 1128 2562 quaeramus.
1170 2483 1214 2542 Es
1229 2483 1353 2561 Gurga-

256 2578 353 2636 lione:
368 2583 377 2611 ‘
390 2575 459 2636 sitit
472 2577 538 2637 hoec
553 2594 638 2650 auus,
654 2579 831 2658 quantillum
846 2578 924 2646 sitit:
939 2579 1057 2639 modica
1070 2587 1135 2647 est:
1150 2577 1249 2660 capit.’
1280 2580 1355 2638 ltem

256 2674 285 2732 in
301 2672 347 2733 bis
360 2673 487 2745 duobus,
502 2673 606 2734 binos:
628 2681 636 2709 ⁸
651 2674 794 2736 Pervelim
809 2675 976 2754 sepultam:
999 2675 1053 2735 sad
1066 2693 1155 2754 quom
1169 2675 1268 2734 adhuc
1282 2691 1357 2735 naso

256 2769 331 2830 odos
347 2770 434 2830 me0.’
474 2769 638 2831 ‘sedatum
658 2781 709 2832 te:
731 2785 820 2852 qnam
843 2771 933 2851 longe
954 2791 973 2831 a
992 2791 1039 2832 me
1054 2773 1158 2832 abest:
1179 2772 1278 2831 lumen
1300 2773 1356 2832 hoc

258 2865 347 2928 ride!
387 2865 550 2927 Videamus
565 2867 640 2928 alios
654 2869 774 2942 multos,
799 2871 828 2929 in
843 2867 968 2930 eadem:
992 2868 1072 2930 ‘Sed
1087 2867 1273 2948 grandiorem
1288 2887 1356 2948 grs-

259 2961 329 3020 dum
343 2981 415 3042 ergo
429 2965 476 3024 sae
491 2963 530 3024 ad
545 2978 591 3024 rue
605 2965 749 3025 obsecro!
780 2965 848 3039 Ubi,
862 2965 921 3039 iac,
936 2965 1058 3044 longum
1073 2975 1122 3024 est
1136 2978 1241 3024 contra
1255 2983 1357 3025 meen-

259 3057 358 3116 tiores.
387 3067 395 3092 ⁸
409 3057 497 3117 Salve
510 3075 604 3116 anus:
623 3058 710 3136 agon'
724 3059 807 3119 salsa
821 3061 887 3133 sim,
901 3081 969 3140 quae
984 3061 1065 3121 sicca
1078 3078 1142 3121 sum
1158 3059 1230 3120 sirit
1250 3059 1358 3121 Jamue

257 3170 315 3230 ego
336 3151 405 3210 huic
428 3149 521 3210 dicul
541 3151 613 3230 quid
634 3151 739 3212 diceri
759 3173 806 3214 ma
819 3155 952 3234 periisse,
967 3157 1043 3235 aga.¹
1082 3153 1158 3216 ltem
1172 3175 1209 3216 ex
1223 3156 1356 3216 Andria:

259 3253 266 3278 ⁸
281 3245 349 3302 Sive
367 3243 425 3303 ista
438 3263 523 3313 uror,
546 3246 609 3304 sire
621 3248 714 3307 amica
726 3259 783 3322 est,
807 3249 958 3330 gravidae
982 3251 1137 3332 Pamphilo
1151 3252 1217 3312 est'
1257 3251 1327 3320 Quo
1341 3269 1357 3310 a

259 3357 346 3399 aaran
360 3350 395 3399 ut
416 3341 555 3400 creticam
577 3342 703 3417 tolleret,
724 3363 784 3404 uon
806 3347 915 3406 veritus
930 3357 977 3407 est
989 3349 1135 3409 universae
1148 3347 1291 3409 orationis
1306 3345 1358 3405 de·

259 3435 375 3496 trahere
400 3449 621 3498 oruamentum:
642 3457 803 3519 pronomen
825 3441 898 3502 illud
923 3443 1046 3517 scilieet,
1065 3445 1145 3524 quod
1171 3445 1200 3502 iu
1224 3441 1358 3502 secundo

260 3532 327 3592 loco
341 3532 441 3592 statim
462 3532 578 3612 legitur.
620 3535 782 3597 Videamus
804 3555 876 3617 ergo
900 3539 989 3599 etlam
1013 3559 1049 3600 ax
1072 3541 1238 3600 Eunucho:
1261 3538 1358 3606 ‘Quas

259 3649 326 3690 cum
341 3639 471 3690 amatore
486 3647 541 3689 suo
554 3647 622 3692 cum
636 3644 756 3694 conant
769 3633 932 3713 liguriunt!
972 3637 1049 3696 Nam
1062 3637 1111 3698 hic
1125 3655 1184 3696 non
1198 3651 1359 3714 possumus

259 3725 399 3806 elingem,
420 3725 490 3804 quin
506 3737 558 3786 aut
571 3728 665 3806 prima
678 3729 708 3788 iu
723 3729 795 3790 sede
808 3731 935 3792 creticus
951 3731 999 3803 ait,
1013 3744 1065 3792 aut
1080 3734 1110 3792 in
1131 3733 1255 3814 quinta:
1277 3747 1358 3801 nam,

260 3825 285 3883 si
300 3821 460 3884 secundam
474 3841 578 3883 vocem
590 3841 649 3884 non
664 3824 800 3896 collidas,
812 3824 865 3885 sed
880 3827 1023 3906 integram
1036 3829 1186 3908 relinquas
1200 3828 1231 3886 in
1243 3827 1359 3888 dimen-

261 3919 360 3978 sione:
377 3918 453 3976 sieut
466 3918 632 3996 frequenter
642 3921 686 3991 lit,
696 3931 727 3980 et
740 3919 864 3980 Plautus
875 3922 969 3981 voluit
980 3923 1035 3982 sihi
1048 3923 1135 3984 licere
1147 3923 1177 3982 in
1188 3921 1358 3982 Pseudulo:

260 4019 268 4046 ⁶
283 4013 314 4072 Si
329 4012 367 4072 de
380 4012 533 4073 damnosis
546 4016 635 4090 natis,
649 4027 702 4076 aut
716 4017 753 4078 de
768 4019 947 4079 amatoribus
957 4019 976 4080 :'
988 4021 1115 4080 creticus
1130 4020 1169 4079 ait
1181 4017 1359 4078 inevitabilis

260 4108 290 4194 in
306 4109 419 4184 quinta.
463 4109 539 4168 Nam
554 4113 647 4190 prima
662 4113 776 4192 syllaba
800 4123 915 4187 natura,
937 4133 997 4176 nou
1020 4117 1167 4194 positione
1188 4115 1279 4192 longa
1300 4121 1358 4172 ert.

263 4201 388 4262 Caenare
402 4203 479 4262 enim
493 4205 619 4268 mediam
631 4219 737 4268 natura
748 4207 894 4288 producit.
934 4211 987 4270 Sin
998 4209 1133 4283 collidas,
1142 4209 1205 4288 jam
1220 4209 1250 4268 in
1264 4208 1359 4288 prima
