2948 4890
493 411 496 418 .
557 375 607 426 us
631 377 781 428 ιιιιιιιιι.
1153 366 1217 438 127

118 538 188 580 sum
203 519 483 598 sersussequcutis,
502 539 555 602 per
568 519 721 583 elisionem
741 523 906 584 annectitur
927 524 979 584 bui
1000 528 1215 606 precedentis:

119 615 199 674 utin
214 615 345 694 Prologo
359 615 514 676 Eunuchi:
536 617 615 685 ‘Qui
638 619 713 678 bene
731 618 873 679 vertendo
896 631 927 680 et
950 637 1000 680 ιιι
1022 621 1216 686 describendo

119 712 213 786 mule,
232 733 272 774 cx
290 713 404 774 Grecis
425 711 531 786 bonis:
553 715 610 774 dec.
653 714 762 776 Durius
784 727 840 788 est,
862 733 929 776 curn
943 715 1073 778 dissecta
1086 717 1215 782 dictione

118 808 200 888 prior
214 809 330 889 syllaba
342 809 544 882 finitversum,
555 809 675 888 reliquie
689 809 830 890 incipiunt
842 822 1022 889 sequentem,
1032 823 1066 872 ut
1081 813 1216 877 Eunuchi

118 914 207 966 ectus
218 904 297 964 tertii
306 923 396 965 scene
409 904 520 982 prima:
534 905 702 965 ‘Continuo
713 905 738 966 si
749 905 870 986 quaudo
883 905 934 967 illc
945 907 1034 980 dicet,
1047 909 1216 970 Phaedriam

117 999 353 1060 intromittemus
366 1011 573 1073 comessurum,
587 1011 620 1062 tu
634 1001 837 1082 Pamphilam!
858 1001 1002 1065 Elisioues
1017 1005 1086 1065 item
1100 1015 1131 1066 et
1145 1025 1217 1086 syo·

117 1115 261 1168 ιιιιιιιιι,
275 1097 438 1176 presertim
451 1097 546 1156 miuus
559 1096 678 1156 usitatos
689 1096 767 1178 opud
782 1099 970 1172 recentiores,
983 1100 1096 1160 iaciunt
1109 1111 1142 1160 ut
1155 1101 1215 1160 lec·

118 1203 165 1252 tor
178 1191 342 1272 impeditus
357 1192 524 1272 frequenter
546 1191 659 1252 baereet
682 1191 711 1251 iu
734 1193 872 1254 cannino.
915 1193 1041 1254 Eliditur
1064 1205 1162 1256 cutem
1185 1197 1215 1256 iu

118 1288 243 1350 comicis
252 1287 385 1350 versibus
397 1309 415 1348 r
428 1307 607 1362 coawuuns,
617 1299 651 1349 ut
664 1289 695 1348 iu
710 1309 733 1348 1.
748 1307 857 1349 scene:
872 1289 963 1350 ‘Sine
974 1289 1084 1350 invidia
1097 1290 1215 1351 laudem

119 1385 258 1446 invenias
271 1395 302 1446 et
314 1385 424 1446 amicos
439 1385 544 1465 pares!
579 1385 693 1446 Rursus
706 1385 832 1446 ibidem:
854 1385 1006 1448 ‘liberius
1020 1385 1137 1446 visendi
1160 1387 1216 1446 tuit
1347 1417 1356 1430 =

119 1489 268 1560 potestas,
282 1500 351 1540 nem
361 1482 468 1554 ιιιιιι,’
481 1486 538 1542 ἀι.
567 1481 640 1541 Item
655 1481 685 1540 in
700 1499 791 1540 scena
803 1480 906 1542 tertie:
921 1481 1106 1554 ‘Enimvero
1120 1481 1214 1554 Dare,

121 1577 194 1638 nibil
207 1577 268 1638 loci
282 1577 348 1650 ert:
361 1583 418 1638 tec.
460 1579 587 1638 Cermen
610 1577 688 1637 enim
712 1576 813 1656 incipit
834 1578 872 1636 ab
891 1589 1051 1656 anapesto.
1095 1579 1214 1639 litante

120 1675 150 1732 in
163 1691 259 1733 scene
272 1673 385 1752 prime:
407 1674 583 1733 ‘Enimvero
597 1681 762 1752 ιριιιιιιιιιι
776 1671 870 1733 satis.’
911 1671 1037 1732 Etiditur
1054 1683 1085 1732 et
1107 1693 1133 1745 s,
1152 1683 1215 1734 tum

121 1769 148 1830 in
170 1771 242 1844 fine,
266 1783 328 1831 tum
355 1771 385 1828 in
410 1767 507 1828 media
533 1767 671 1828 dictione.
725 1767 759 1826 lu
785 1767 854 1839 fine,
874 1776 908 1826 ut
929 1767 958 1826 iu
984 1769 1077 1846 prima
1103 1787 1214 1830 scenae

121 1868 202 1928 ‘Sed
218 1866 292 1948 quid
305 1885 381 1947 opus
394 1875 441 1924 est
454 1862 547 1924 verbis
556 1861 579 1920 i'
609 1861 669 1922 Sed
688 1861 760 1941 quid
775 1861 882 1941 opu'et.
925 1861 1007 1923 Elisa
1020 1862 1107 1922 simul
1120 1873 1150 1922 et
1162 1883 1215 1924 so-

122 1963 178 2023 cali
192 1984 222 2024 e.

161 2060 247 2120 idem
261 2061 296 2120 lit
308 2059 337 2118 iu
358 2057 451 2116 ‘sutis
460 2055 478 2116 ι’
498 2055 584 2115 ‘Nec
599 2055 671 2116 satis
685 2053 777 2134 digna
790 2054 837 2114 cui
851 2053 1036 2128 committas,'
1050 2057 1107 2114 otc.
1139 2052 1215 2113 Rur-

122 2175 171 2216 sus
185 2157 218 2215 in
233 2154 363 2234 Prologo
376 2153 497 2212 Andriae
511 2151 545 2212 lit
557 2151 587 2210 ia
602 2151 699 2212 medio
713 2151 863 2211 dictionis:
888 2155 896 2184 ⁸
910 2149 944 2208 ld
959 2149 1007 2210 isti
1021 2149 1215 2228 vituperautz'

121 2251 247 2331 aliisque
270 2251 345 2312 locis
368 2247 580 2328 compluribus,
603 2268 726 2328 quorum
748 2247 861 2327 aliquot
873 2249 903 2306 iu
917 2246 1048 2326 margine
1062 2245 1215 2306 ιιιιιοιιιί-

121 2365 196 2408 mus.
241 2345 394 2407 Interdum
407 2343 521 2405 elidunt
538 2345 559 2418 l,
580 2355 614 2405 ut
626 2346 655 2405 in
669 2345 763 2425 prime
776 2363 866 2404 scene
880 2341 1011 2416 Andrioe,
1032 2341 1111 2400 ‘Pro
1125 2357 1215 2400 uxore

121 2443 322 2504 haberehunc
335 2441 528 2523 peregrinam,
548 2459 605 2522 ego
629 2440 703 2501 illud
728 2440 833 2502 sedulo
845 2439 863 2498 :'
883 2449 916 2498 ut
936 2435 1070 2516 ‘grinem
1093 2453 1150 2516 ego
1175 2436 1216 2495 il’

122 2539 232 2600 sedant
245 2537 408 2618 dactylum.
450 2537 537 2596 ilaue
561 2535 724 2598 libertatem
740 2536 907 2616 frequenter
921 2543 1044 2613 usurpet
1057 2531 1215 2606 Homeros,

123 2635 191 2696 dom
213 2655 229 2695 s
248 2635 332 2695 elidit
352 2635 383 2694 iu
397 2631 543 2706 Ὀδυσεῦς,
564 2643 595 2694 et
608 2633 629 2707 l,
643 2635 674 2692 in
689 2633 835 2714 Ἀχιλείιι.
877 2633 1085 2711 Saepenumero
1098 2637 1216 2688 contra·

122 2729 231 2790 huntur
242 2731 373 2800 vocales,
387 2730 468 2789 velut
483 2730 512 2788 iu
527 2730 585 2802 his,
599 2737 608 2765 ‘
620 2729 696 2802 tuit:
712 2737 720 2764 ‘
734 2728 836 2799 Deos,'
850 2727 953 2797 ‘diem'
968 2725 1091 2794 'meum’
1105 2723 1216 2794 ‘suun'

123 2826 240 2898 ‘sciam'
253 2833 263 2861 ⁶
275 2823 369 2896 nihil:
384 2824 494 2896 'mibi'
516 2835 548 2883 ut
562 2823 622 2883 sint
635 2821 850 2901 monosyllaba.
892 2819 1031 2879 Similiter
1052 2817 1120 2889 ‘ei,'
1143 2815 1216 2876 ‘hu-

118 2923 187 3002 jus,’
201 2920 325 3002 ‘cujus,'
338 2919 542 3001 monosyllaba
555 2928 706 2999 ponuntur
719 2915 843 2976 subinde
856 2935 863 2975 ι
885 2914 1026 2988 ‘eorunm'
1046 2912 1216 2985 ‘meorum'

123 3017 295 3100 dissyllaba.
336 3023 345 3052 ‘
357 3017 487 3076 Liberius
500 3013 617 3076 visendi
631 3013 688 3074 tuis
700 3021 833 3094 potestas
843 3012 862 3072 ι’
883 3011 933 3070 ‘di
948 3009 1021 3070 iuit'
1040 3009 1112 3068 lacit
1126 3027 1215 3089 spou-

124 3113 231 3176 doemn.
273 3115 378 3174 ‘Scies
392 3131 480 3194 posse
494 3113 602 3173 habere
613 3111 673 3192 jam
689 3108 948 3189 ipsumsuoe‚'&c.
991 3105 1096 3166 ‘Scias
1110 3104 1216 3184 posse'

123 3210 282 3290 spondaeus
296 3220 362 3270 est:
384 3219 415 3268 ct
437 3209 538 3270 ‘sue'
562 3207 649 3268 unico
669 3207 783 3286 syllaba
796 3215 851 3265 est.
894 3211 902 3239 ¹
915 3203 1015 3264 Meum
1030 3209 1153 3282 gnatum
1166 3217 1215 3259 ru·

124 3317 246 3367 moreat
269 3305 388 3366 amere!
428 3305 551 3365 ‘Meum
573 3302 651 3384 gua'
672 3300 832 3381 spondaeus
854 3308 910 3360 est.
953 3297 1026 3358 ltenr
1050 3293 1217 3356 ¹enrenae'

123 3401 316 3485 dissyllabum
341 3412 408 3463 est:
430 3401 526 3462 ‘Nam
540 3398 621 3480 quod
637 3396 761 3458 antehac
776 3394 866 3456 lecit!
906 3395 1085 3473 Frequenter
1098 3391 1217 3451 eliditur

125 3499 188 3557 din
208 3497 324 3578 ‘quid'
343 3507 374 3559 et
394 3496 488 3558 ‘sed'
509 3515 562 3576 pro
574 3496 679 3569 vocali,
701 3505 741 3566 et,
762 3493 838 3553 sicut
860 3491 891 3550 iu
912 3487 1111 3572 ‘periculum’
1131 3483 1216 3548 elidi·

124 3613 187 3655 mus
211 3615 243 3667 u,
264 3593 343 3654 idem
368 3593 416 3654 hic
440 3593 512 3652 iacit
534 3593 563 3651 in
595 3587 786 3670 ‘paululum'
806 3597 837 3647 et
856 3583 1040 3646 ‘annulum'
1080 3580 1160 3649 Quin
1186 3589 1217 3640 et

125 3690 246 3770 syllaba
270 3689 408 3769 quiedam
437 3687 521 3749 aliter
549 3685 786 3766 pronuntientur,
817 3701 906 3762 quam
930 3679 1009 3760 apud
1037 3677 1216 3738 recentiores

125 3797 272 3866 urorpetm
294 3797 385 3855 suutz
413 3785 495 3845 velot
519 3785 548 3845 in
570 3782 738 3862 ‘suspicio'
759 3777 892 3840 secunde
916 3775 1106 3857 produciturr
1136 3769 1215 3830 unde

125 3881 232 3946 lectum
257 3895 314 3956 est,
334 3893 369 3944 ut
388 3879 509 3963 quidam
529 3880 632 3959 legant
645 3878 863 3956 suspectionem.
906 3871 1034 3930 Rursum
1055 3868 1086 3926 iu
1107 3863 1218 3937 ‘case'

126 3979 233 4055 ‘rale,’
256 3979 383 4053 ‘mane,'
395 3987 426 4039 ιι
439 3984 447 4012 ‘
458 3976 526 4038 ubi'
539 3975 635 4036 finalis
649 3971 815 4050 corripitur.
856 3967 978 4026 Minimo
991 3971 1141 4024 momento
1153 3979 1217 4020 mu·

126 4085 204 4136 tetur
219 4095 313 4156 genus
340 4074 488 4146 carminis,
509 4075 590 4134 velut
619 4072 648 4130 in
671 4078 756 4129 actus
776 4062 872 4143 quarti
897 4079 987 4122 scena
1001 4077 1024 4118 1.
1067 4058 1099 4118 si
1123 4056 1216 4136 leges,

127 4171 180 4230 ‘ln
193 4169 372 4252 denegando
386 4168 475 4230 modo
489 4169 555 4248 quis
570 4165 666 4246 pudor
687 4173 734 4225 est
751 4157 924 4240 paululum,'
943 4156 1071 4216 trimeter
1084 4163 1130 4216 est
1143 4153 1216 4212 ism·
