2948 4890
246 348 311 418 120
531 367 581 415 nx
608 357 758 414 nerano
783 362 1055 416 noneaonruu.

246 529 340 591 genus
351 507 543 568 diminutum:
564 505 646 588 quod
668 505 792 567 dimetro
815 505 941 568 iambico
964 505 1073 568 accinit
1084 502 1161 566 duos
1174 505 1332 579 trochaeos,
1364 539 1369 546 -

245 607 325 668 velut
337 605 366 663 in
382 614 466 664 actus
480 603 557 664 tertii
571 621 661 665 scena
674 602 815 664 secunda.

285 699 411 760 ‘Adbuc
426 699 562 760 Archillis
585 719 653 778 quea
676 697 849 759 adsolentr’
869 697 918 758 hic
933 697 1055 758 dimeter
1076 709 1133 760 est.
1175 699 1331 781 ‘Quaeque

245 807 360 879 oportet
371 796 389 856 ι’
409 794 468 854 duo
482 804 551 854 sunt
564 795 696 858 hochni.
736 795 849 852 Contra
861 793 891 852 in
909 791 974 853 aliis
987 793 1105 854 additur
1124 813 1178 874 pes
1198 784 1331 876 legitimo

245 905 377 954 numero.
417 891 536 950 Interim
549 890 627 970 prior
637 888 774 950 carminis
788 907 856 968 pars
870 895 916 949 est
925 888 1084 964 trochaica,
1097 892 1242 969 posoerior
1257 893 1330 952 iam·

243 990 319 1061 bica,
344 997 375 1049 et
398 995 512 1048 contra.
552 986 759 1048 Admiscentnr
782 985 928 1045 interdurn
952 995 982 1046 et
1002 986 1111 1059 cretici,
1131 987 1194 1048 sire
1217 988 1331 1067 amphi-

243 1083 344 1156 macri,
357 1085 408 1164 qui
422 1103 475 1163 pes
485 1081 611 1143 mediam
624 1082 714 1142 habet
724 1083 839 1142 brevem
854 1081 928 1140 inter
941 1091 1086 1141 extremas
1096 1081 1220 1162 longas:
1241 1085 1284 1144 sic
1299 1093 1332 1144 nt

243 1180 353 1260 singuli
366 1199 468 1240 versus
481 1179 611 1239 habeant
624 1187 783 1258 quaternos
796 1187 848 1237 aut
860 1187 959 1236 ternos
970 1178 1104 1249 creticos,
1123 1178 1180 1236 nisi
1192 1178 1273 1256 quod
1283 1178 1331 1240 bic

243 1293 361 1356 quoque
372 1285 530 1355 usurpatur
543 1275 663 1336 libertas
676 1273 799 1346 comica,
813 1275 890 1334 sicut
902 1275 932 1332 in
945 1273 1061 1334 ceteris.
1095 1271 1269 1352 Exemplum
1283 1281 1330 1334 est

242 1372 272 1430 in
286 1370 382 1450 quarti
397 1381 480 1430 actus
498 1387 587 1430 scena
600 1370 712 1448 prima:
734 1369 799 1428 ‘Ut
821 1368 906 1428 malis
928 1367 1089 1448 gaudeant,
1113 1377 1202 1448 atque
1225 1389 1263 1430 ex
1285 1371 1329 1430 in-

242 1467 426 1530 commodis!
465 1468 598 1536 Quatucr
612 1466 711 1526 cretici
725 1473 805 1538 sunt,
819 1465 875 1524 nisi
888 1465 969 1545 quod
982 1466 1086 1526 tertius
1099 1475 1146 1525 est
1158 1467 1329 1546 spondaeus.

242 1563 373 1624 Ibidem:
395 1563 486 1622 ‘Turn
499 1561 752 1643 impudentissima
765 1581 866 1621 eorum
878 1561 972 1620 orado
986 1562 1053 1624 est.'
1079 1561 1151 1621 Tres
1159 1562 1253 1623 babet
1266 1583 1329 1623 cre-

240 1661 325 1721 ticos.
354 1660 530 1738 Quanquam
544 1657 755 1737 arbitrcrprius
771 1675 887 1716 carmen
900 1656 1032 1716 citimum
1045 1666 1157 1716 mutato
1167 1656 1328 1718 dictionum

241 1755 353 1816 ordine.
382 1754 507 1826 Etenim,
522 1753 547 1814 si
560 1753 602 1813 sic
616 1752 709 1831 legas,
724 1761 755 1811 et
766 1761 866 1812 tamen
880 1771 925 1813 res
939 1751 1020 1831 cogit
1032 1751 1190 1832 denegare,
1206 1755 1254 1814 lh·
1267 1761 1329 1816 hm

239 1871 337 1911 sor-em
349 1849 601 1930 impudentissima
614 1849 710 1908 oratic
722 1853 774 1918 ast,
790 1857 824 1906 ut
833 1847 977 1926 posterior
992 1865 1096 1908 versus
1105 1847 1232 1926 sxcipist
1242 1867 1330 1929 syna,-

241 1945 368 2025 loepham
389 1943 504 2024 prioris,
524 1963 640 2004 carmen
662 1943 753 2022 probe
776 1952 904 2002 constat.
945 1937 1073 2011 Quidam
1095 1952 1194 2002 tamen
1216 1944 1330 2005 malunt

240 2041 288 2102 hic
302 2060 367 2102 essa
380 2041 524 2100 trimetros
535 2038 712 2100 Trnchaicos
725 2037 925 2098 catalecticos.
954 2037 1073 2096 lambici
1084 2037 1203 2097 trimetri
1217 2038 1330 2102 facilior

240 2149 287 2197 est
299 2137 454 2206 dimensio,
468 2155 535 2196 curn
549 2133 785 2216 penthemimeris
795 2134 860 2192 fluit
869 2131 1035 2194 dictionem.
1058 2131 1158 2205 Velut,
1172 2133 1329 2206 ‘Effertun

240 2233 337 2293 imus!
367 2233 415 2304 Et,
430 2239 438 2266 ‘
451 2231 500 2292 Sic
512 2230 698 2310 cogitabam?
727 2229 892 2301 Difficilicr,
905 2239 1103 2289 cumcontra:
1118 2239 1160 2302 ut,
1174 2236 1182 2264 ‘
1195 2230 1329 2292 Honesta

240 2339 271 2390 et
291 2327 420 2389 liberalis
442 2327 553 2388 accedo
576 2326 614 2386 ad
636 2325 829 2406 pedissequas
838 2325 857 2385 ι’
876 2325 906 2383 in
928 2325 1002 2384 ‘be'
1021 2343 1134 2385 cnsura
1148 2335 1204 2386 est.
1245 2327 1327 2390 idern

239 2425 371 2484 efficiunt
383 2425 492 2483 crebrae
507 2421 705 2502 synaloephm:
726 2429 760 2480 ut
773 2421 823 2493 ibi,
844 2429 853 2456 ‘
866 2421 941 2490 Qum
955 2420 996 2480 ibi
1008 2419 1141 2495 aderant,
1152 2423 1226 2482 lorte
1238 2441 1327 2483 unam

239 2513 352 2598 aspicio
366 2515 637 2578 adolescentulam!

280 2617 314 2674 ln
329 2613 502 2674 tetrametris
515 2614 583 2672 item
599 2611 729 2671 iambicis
744 2629 779 2672 ac
793 2612 949 2672 trochaicis
963 2612 1062 2688 durior
1074 2621 1121 2672 cst
1132 2611 1288 2691 dimensio,
1303 2619 1327 2677 si

238 2709 316 2789 prior
329 2709 453 2768 dimeter
469 2727 529 2766 non
543 2707 626 2767 liniat
639 2707 807 2780 dictionem,
832 2709 994 2787 presertim
1019 2707 1045 2768 si
1063 2725 1121 2766 non
1143 2705 1182 2766 sit
1202 2710 1327 2786 iambus,

238 2817 291 2868 aut
314 2807 340 2866 ei
362 2803 485 2866 accedat
499 2803 687 2884 synaloephe:
709 2813 753 2877 ut,
768 2803 888 2864 ‘Meum
903 2813 1025 2882 matum
1038 2821 1136 2863 rumor
1148 2814 1195 2864 est
1208 2825 1326 2868 amare:

238 2899 269 2961 id
282 2899 408 2982 popalus
419 2909 503 2961 curat
513 2899 648 2960 scilicet!
688 2899 771 2958 Prior
784 2897 907 2959 dimeter
917 2899 1016 2958 finitur
1029 2900 1058 2958 in
1080 2899 1168 2974 ‘ma,'
1182 2901 1326 2980 syllabam

127 2993 131 2998 ’
239 2995 431 3077 productam:
453 3007 484 3057 et
506 2997 650 3074 excipitur
671 3013 689 3054 a
714 2994 885 3074 synaloephe
906 3002 957 3056 ‘ra
978 2993 1030 3055 id!
1069 2995 1184 3055 Rursus
1197 2997 1325 3058 ibidem:

238 3102 247 3129 ⁴
260 3094 317 3161 Qui
331 3102 485 3172 postquam
501 3091 633 3150 audierat
647 3109 706 3150 nou
719 3090 820 3150 datum
833 3090 887 3162 iri,'
900 3095 956 3151 &c
988 3091 1071 3151 Prior
1084 3092 1206 3152 dimeter
1218 3091 1327 3152 desimt

237 3192 267 3248 in
290 3187 340 3260 ‘i,'
360 3184 490 3246 admixta
506 3185 687 3264 synaloephe.
729 3187 840 3246 Turbat
852 3200 880 3246 et
894 3187 968 3246 illud
982 3187 1121 3247 lectorem
1134 3193 1230 3250 minus
1244 3208 1326 3250 exer·

237 3283 369 3353 citatum,
389 3279 470 3358 quod
494 3279 641 3339 interdum
661 3293 782 3360 repente
799 3282 904 3341 miscet
925 3282 1049 3342 iambica
1069 3301 1136 3342 cum
1159 3283 1325 3356 trochaicis,

236 3378 368 3438 trimetro
380 3373 526 3434 interdum
536 3385 566 3435 et
580 3375 704 3437 dimetro
717 3387 769 3438 aut
782 3389 963 3438 monometra
976 3399 1044 3439 cum
1058 3379 1244 3456 tetrametris,
1258 3399 1325 3441 aca-

237 3471 374 3532 talectico
387 3491 454 3531 cum
464 3471 654 3548 catalecticis,
668 3475 777 3535 cretica
786 3491 854 3534 cnm
869 3475 1000 3534 iambicis
1012 3493 1047 3534 ac
1058 3476 1230 3537 trochaicis:
1244 3477 1325 3557 qnod

236 3567 308 3628 locis
331 3567 443 3646 aliquot
466 3568 670 3629 annotavimus
694 3569 723 3627 in
748 3568 889 3648 margine.
932 3570 977 3629 Ea
996 3571 1123 3631 mistura
1143 3573 1269 3632 maxime
1282 3573 1325 3645 lit,

236 3663 286 3727 ubi
306 3681 352 3723 res
367 3671 437 3722 sunt
451 3663 686 3725 turbulentiores.
728 3665 776 3725 Fit
789 3664 947 3739 interdurn,
969 3676 1003 3725 ut
1016 3685 1106 3726 scena
1119 3667 1197 3746 prior
1209 3667 1326 3728 desinat

236 3762 265 3820 in
280 3757 506 3832 hemistichium,
520 3771 549 3820 et
563 3759 600 3820 ab
612 3759 699 3839 hujus
713 3759 847 3821 clausula
862 3761 981 3840 incipiat
995 3780 1086 3821 scena
1099 3761 1247 3840 proxima:
1263 3763 1325 3822 val-

236 3867 269 3918 ut
281 3858 312 3916 in
327 3855 447 3916 Andrias
462 3865 546 3915 actus
570 3855 647 3917 tertii
669 3875 758 3918 scena
771 3859 867 3931 tertis,
889 3857 970 3917 *διὰ
991 3875 1095 3918 scoram
1118 3855 1204 3918 video
1227 3859 1324 3938 ipsum

234 3951 314 4016 toras
328 3950 427 4012 exire!
467 3951 599 4011 Dimeter
612 3963 658 4011 est
676 3951 781 4031 plenus
796 3973 862 4013 cnm
877 3953 1062 4034 sesquipede.
1103 3951 1257 4014 Perlicitur
1270 3955 1326 4014 ini·

236 4047 277 4107 tic
292 4065 390 4106 scenae
404 4045 575 4124 sequentis:
597 4051 606 4080 ‘
615 4045 662 4105 Ad
677 4053 706 4106 te
720 4047 818 4115 ibamr
840 4049 980 4128 quidnam
1001 4059 1048 4109 est
1058 4047 1081 4108 ι’
1099 4059 1133 4109 ut
1154 4049 1194 4108 sit
1215 4067 1323 4110 scam

234 4151 401 4204 tetrameter
414 4139 613 4202 catalecticus.
641 4139 859 4222 Nonnunquam
870 4143 970 4218 dictio,
984 4161 1051 4224 qum
1064 4145 1190 4225 pertinet
1204 4145 1242 4204 ad
1257 4161 1325 4212 sen.
