<?xml version="1.0" encoding="UTF-8"?>
<!DOCTYPE html PUBLIC "-//W3C//DTD XHTML 1.0 Transitional//EN"
    "http://www.w3.org/TR/xhtml1/DTD/xhtml1-transitional.dtd">
<html xmlns="http://www.w3.org/1999/xhtml" xml:lang="en" lang="en">
 <head>
  <title>
</title>
<meta http-equiv="Content-Type" content="text/html;charset=utf-8" />
  <meta name='ocr-system' content='tesseract 3.04.00' />
  <meta name='ocr-capabilities' content='ocr_page ocr_carea ocr_par ocr_line ocrx_word'/>
</head>
<body>
  <div class='ocr_page' id='page_1' title='image "./comoedisex05westgoog_0159.png"; bbox 0 0 2948 4890; ppageno 0'>
   <div class='ocr_carea' id='block_1_1' title="bbox 421 376 1249 438">
    <p class='ocr_par' dir='ltr' id='par_1_1' title="bbox 421 376 1249 438">
     <span class='ocr_line' id='line_1_1' title="bbox 421 376 1249 438; baseline 0.005 -4"><span class='ocrx_word' id='word_1_1' title='bbox 421 385 469 434; x_wconf 83' lang='lat' dir='ltr'>nn</span> <span class='ocrx_word' id='word_1_2' title='bbox 493 383 645 434; x_wconf 85' lang='lat' dir='ltr'>corrrcre</span> <span class='ocrx_word' id='word_1_3' title='bbox 669 383 981 435; x_wconf 72' lang='lat' dir='ltr'>oruuusrourane</span> <span class='ocrx_word' id='word_1_4' title='bbox 1186 376 1249 438; x_wconf 77' lang='lat' dir='ltr'>llll</span> 
     </span>
    </p>
   </div>
   <div class='ocr_carea' id='block_1_2' title="bbox 137 527 1323 4345">
    <p class='ocr_par' dir='ltr' id='par_1_2' title="bbox 137 527 1323 4345">
     <span class='ocr_line' id='line_1_2' title="bbox 150 527 1247 610; baseline 0.005 -24"><span class='ocrx_word' id='word_1_5' title='bbox 150 527 229 586; x_wconf 80' lang='lat' dir='ltr'>labae</span> <span class='ocrx_word' id='word_1_6' title='bbox 243 534 401 608; x_wconf 75' lang='lat' dir='ltr'>postremae</span> <span class='ocrx_word' id='word_1_7' title='bbox 420 529 522 588; x_wconf 84' lang='lat' dir='ltr'>breves</span> <span class='ocrx_word' id='word_1_8' title='bbox 546 537 625 588; x_wconf 89' lang='lat' dir='ltr'>sunt.</span> <span class='ocrx_word' id='word_1_9' title='bbox 667 529 727 588; x_wconf 78' lang='lat' dir='ltr'>Aut</span> <span class='ocrx_word' id='word_1_10' title='bbox 749 547 816 608; x_wconf 86' lang='lat' dir='ltr'>quae</span> <span class='ocrx_word' id='word_1_11' title='bbox 838 539 884 591; x_wconf 90' lang='lat' dir='ltr'>est</span> <span class='ocrx_word' id='word_1_12' title='bbox 897 528 947 590; x_wconf 90' lang='lat' dir='ltr'>illa</span> <span class='ocrx_word' id='word_1_13' title='bbox 961 529 1138 610; x_wconf 78' lang='lat' dir='ltr'>explicatio?</span> <span class='ocrx_word' id='word_1_14' title='bbox 1161 533 1247 610; x_wconf 90' lang='lat' dir='ltr'>quasi</span> 
     </span>
     <span class='ocr_line' id='line_1_3' title="bbox 150 621 1248 706; baseline 0.004 -24"><span class='ocrx_word' id='word_1_15' title='bbox 150 641 220 682; x_wconf 87' lang='lat' dir='ltr'>cum</span> <span class='ocrx_word' id='word_1_16' title='bbox 234 621 338 682; x_wconf 87' lang='lat' dir='ltr'>dicas:</span> <span class='ocrx_word' id='word_1_17' title='bbox 369 623 489 684; x_wconf 85' lang='lat' dir='ltr'>Homini</span> <span class='ocrx_word' id='word_1_18' title='bbox 514 623 661 682; x_wconf 89' lang='lat' dir='ltr'>interdum</span> <span class='ocrx_word' id='word_1_19' title='bbox 684 643 737 704; x_wconf 86' lang='lat' dir='ltr'>pes</span> <span class='ocrx_word' id='word_1_20' title='bbox 762 624 857 696; x_wconf 88' lang='lat' dir='ltr'>deest,</span> <span class='ocrx_word' id='word_1_21' title='bbox 881 625 997 704; x_wconf 88' lang='lat' dir='ltr'>quoties</span> <span class='ocrx_word' id='word_1_22' title='bbox 1023 625 1137 706; x_wconf 80' lang='lat' dir='ltr'>integro</span> <span class='ocrx_word' id='word_1_23' title='bbox 1160 629 1248 687; x_wconf 82' lang='lat' dir='ltr'>senri-</span> 
     </span>
     <span class='ocr_line' id='line_1_4' title="bbox 149 714 1248 799; baseline 0.008 -26"><span class='ocrx_word' id='word_1_24' title='bbox 149 714 281 788; x_wconf 88' lang='lat' dir='ltr'>bomine,</span> <span class='ocrx_word' id='word_1_25' title='bbox 304 716 389 778; x_wconf 87' lang='lat' dir='ltr'>alteri</span> <span class='ocrx_word' id='word_1_26' title='bbox 413 717 597 778; x_wconf 86' lang='lat' dir='ltr'>semihomini</span> <span class='ocrx_word' id='word_1_27' title='bbox 617 735 671 797; x_wconf 91' lang='lat' dir='ltr'>pes</span> <span class='ocrx_word' id='word_1_28' title='bbox 695 716 788 778; x_wconf 87' lang='lat' dir='ltr'>deest.</span> <span class='ocrx_word' id='word_1_29' title='bbox 831 720 872 778; x_wconf 81' lang='lat' dir='ltr'>At</span> <span class='ocrx_word' id='word_1_30' title='bbox 884 739 954 780; x_wconf 85' lang='lat' dir='ltr'>sero</span> <span class='ocrx_word' id='word_1_31' title='bbox 967 719 1034 799; x_wconf 88' lang='lat' dir='ltr'>quis</span> <span class='ocrx_word' id='word_1_32' title='bbox 1048 721 1144 780; x_wconf 90' lang='lat' dir='ltr'>nescit</span> <span class='ocrx_word' id='word_1_33' title='bbox 1157 733 1248 782; x_wconf 88' lang='lat' dir='ltr'>tetra·</span> 
     </span>
     <span class='ocr_line' id='line_1_5' title="bbox 151 812 1245 894; baseline 0.008 -24"><span class='ocrx_word' id='word_1_34' title='bbox 151 821 273 886; x_wconf 87' lang='lat' dir='ltr'>metros,</span> <span class='ocrx_word' id='word_1_35' title='bbox 297 831 356 872; x_wconf 87' lang='lat' dir='ltr'>non</span> <span class='ocrx_word' id='word_1_36' title='bbox 378 833 395 873; x_wconf 91' lang='lat' dir='ltr'>e</span> <span class='ocrx_word' id='word_1_37' title='bbox 414 812 529 873; x_wconf 89' lang='lat' dir='ltr'>duobus</span> <span class='ocrx_word' id='word_1_38' title='bbox 557 812 698 885; x_wconf 89' lang='lat' dir='ltr'>dimetris,</span> <span class='ocrx_word' id='word_1_39' title='bbox 726 814 781 874; x_wconf 88' lang='lat' dir='ltr'>sed</span> <span class='ocrx_word' id='word_1_40' title='bbox 806 833 843 876; x_wconf 81' lang='lat' dir='ltr'>ex</span> <span class='ocrx_word' id='word_1_41' title='bbox 869 827 996 894; x_wconf 83' lang='lat' dir='ltr'>quatuor</span> <span class='ocrx_word' id='word_1_42' title='bbox 1009 815 1245 879; x_wconf 69' lang='lat' dir='ltr'>dimensionibus</span> 
     </span>
     <span class='ocr_line' id='line_1_6' title="bbox 149 907 1245 992; baseline 0.007 -26"><span class='ocrx_word' id='word_1_43' title='bbox 149 907 309 970; x_wconf 71' lang='lat' dir='ltr'>censure?</span> <span class='ocrx_word' id='word_1_44' title='bbox 324 910 349 969; x_wconf 92' lang='lat' dir='ltr'>si</span> <span class='ocrx_word' id='word_1_45' title='bbox 364 909 430 989; x_wconf 88' lang='lat' dir='ltr'>quis</span> <span class='ocrx_word' id='word_1_46' title='bbox 442 910 488 968; x_wconf 85' lang='lat' dir='ltr'>vel</span> <span class='ocrx_word' id='word_1_47' title='bbox 502 909 628 988; x_wconf 87' lang='lat' dir='ltr'>partium</span> <span class='ocrx_word' id='word_1_48' title='bbox 639 908 807 970; x_wconf 68' lang='lat' dir='ltr'>consideret</span> <span class='ocrx_word' id='word_1_49' title='bbox 820 912 974 986; x_wconf 90' lang='lat' dir='ltr'>rationem,</span> <span class='ocrx_word' id='word_1_50' title='bbox 988 930 1111 989; x_wconf 87' lang='lat' dir='ltr'>quarum</span> <span class='ocrx_word' id='word_1_51' title='bbox 1120 913 1245 992; x_wconf 80' lang='lat' dir='ltr'>singulis</span> 
     </span>
     <span class='ocr_line' id='line_1_7' title="bbox 148 1005 1245 1088; baseline 0.006 -26"><span class='ocrx_word' id='word_1_52' title='bbox 148 1005 268 1083; x_wconf 81' lang='lat' dir='ltr'>aequale</span> <span class='ocrx_word' id='word_1_53' title='bbox 284 1005 336 1084; x_wconf 85' lang='lat' dir='ltr'>jus</span> <span class='ocrx_word' id='word_1_54' title='bbox 359 1005 398 1064; x_wconf 91' lang='lat' dir='ltr'>sit</span> <span class='ocrx_word' id='word_1_55' title='bbox 415 1005 445 1064; x_wconf 89' lang='lat' dir='ltr'>iu</span> <span class='ocrx_word' id='word_1_56' title='bbox 465 1025 571 1066; x_wconf 84' lang='lat' dir='ltr'>versu:</span> <span class='ocrx_word' id='word_1_57' title='bbox 602 1005 649 1066; x_wconf 82' lang='lat' dir='ltr'>rel</span> <span class='ocrx_word' id='word_1_58' title='bbox 670 1007 811 1085; x_wconf 79' lang='lat' dir='ltr'>originem</span> <span class='ocrx_word' id='word_1_59' title='bbox 832 1006 927 1086; x_wconf 85' lang='lat' dir='ltr'>ipsam</span> <span class='ocrx_word' id='word_1_60' title='bbox 942 1007 1099 1066; x_wconf 85' lang='lat' dir='ltr'>intueatur.</span> <span class='ocrx_word' id='word_1_61' title='bbox 1142 1009 1245 1088; x_wconf 85' lang='lat' dir='ltr'>Neque</span> 
     </span>
     <span class='ocr_line' id='line_1_8' title="bbox 152 1099 1243 1182; baseline 0.005 -24"><span class='ocrx_word' id='word_1_62' title='bbox 152 1099 231 1158; x_wconf 89' lang='lat' dir='ltr'>enim</span> <span class='ocrx_word' id='word_1_63' title='bbox 254 1099 376 1160; x_wconf 90' lang='lat' dir='ltr'>Boistus</span> <span class='ocrx_word' id='word_1_64' title='bbox 403 1101 468 1175; x_wconf 87' lang='lat' dir='ltr'>ille,</span> <span class='ocrx_word' id='word_1_65' title='bbox 481 1101 594 1162; x_wconf 84' lang='lat' dir='ltr'>aliusve</span> <span class='ocrx_word' id='word_1_66' title='bbox 615 1101 774 1182; x_wconf 85' lang='lat' dir='ltr'>quispiam,</span> <span class='ocrx_word' id='word_1_67' title='bbox 800 1101 925 1163; x_wconf 87' lang='lat' dir='ltr'>dimetro</span> <span class='ocrx_word' id='word_1_68' title='bbox 939 1101 1094 1162; x_wconf 90' lang='lat' dir='ltr'>dimetrum</span> <span class='ocrx_word' id='word_1_69' title='bbox 1114 1103 1243 1182; x_wconf 86' lang='lat' dir='ltr'>aptavit:</span> 
     </span>
     <span class='ocr_line' id='line_1_9' title="bbox 150 1195 1244 1277; baseline 0 -19"><span class='ocrx_word' id='word_1_70' title='bbox 150 1195 203 1258; x_wconf 88' lang='lat' dir='ltr'>sed</span> <span class='ocrx_word' id='word_1_71' title='bbox 225 1197 399 1269; x_wconf 78' lang='lat' dir='ltr'>trimetrum,</span> <span class='ocrx_word' id='word_1_72' title='bbox 421 1217 510 1276; x_wconf 89' lang='lat' dir='ltr'>quens</span> <span class='ocrx_word' id='word_1_73' title='bbox 531 1208 593 1258; x_wconf 94' lang='lat' dir='ltr'>tum</span> <span class='ocrx_word' id='word_1_74' title='bbox 620 1197 823 1277; x_wconf 76' lang='lat' dir='ltr'>longissimum</span> <span class='ocrx_word' id='word_1_75' title='bbox 848 1198 1009 1270; x_wconf 81' lang='lat' dir='ltr'>invenerat,</span> <span class='ocrx_word' id='word_1_76' title='bbox 1030 1209 1244 1258; x_wconf 87' lang='lat' dir='ltr'>monometrum</span> 
     </span>
     <span class='ocr_line' id='line_1_10' title="bbox 147 1291 1243 1374; baseline 0.003 -23"><span class='ocrx_word' id='word_1_77' title='bbox 147 1291 276 1352; x_wconf 89' lang='lat' dir='ltr'>addidit.</span> <span class='ocrx_word' id='word_1_78' title='bbox 318 1291 467 1354; x_wconf 80' lang='lat' dir='ltr'>Praeterea</span> <span class='ocrx_word' id='word_1_79' title='bbox 480 1293 556 1372; x_wconf 90' lang='lat' dir='ltr'>quis,</span> <span class='ocrx_word' id='word_1_80' title='bbox 570 1293 627 1354; x_wconf 91' lang='lat' dir='ltr'>lroc</span> <span class='ocrx_word' id='word_1_81' title='bbox 642 1293 777 1368; x_wconf 88' lang='lat' dir='ltr'>audiens,</span> <span class='ocrx_word' id='word_1_82' title='bbox 798 1313 857 1354; x_wconf 89' lang='lat' dir='ltr'>non</span> <span class='ocrx_word' id='word_1_83' title='bbox 873 1303 956 1374; x_wconf 92' lang='lat' dir='ltr'>putet</span> <span class='ocrx_word' id='word_1_84' title='bbox 968 1313 1035 1354; x_wconf 87' lang='lat' dir='ltr'>esse</span> <span class='ocrx_word' id='word_1_85' title='bbox 1050 1293 1134 1354; x_wconf 75' lang='lat' dir='ltr'>nefas</span> <span class='ocrx_word' id='word_1_86' title='bbox 1147 1313 1243 1354; x_wconf 80' lang='lat' dir='ltr'>cresu-</span> 
     </span>
     <span class='ocr_line' id='line_1_11' title="bbox 148 1389 1243 1470; baseline 0.002 -20"><span class='ocrx_word' id='word_1_87' title='bbox 148 1407 210 1450; x_wconf 85' lang='lat' dir='ltr'>sam</span> <span class='ocrx_word' id='word_1_88' title='bbox 223 1389 324 1450; x_wconf 80' lang='lat' dir='ltr'>facere</span> <span class='ocrx_word' id='word_1_89' title='bbox 335 1389 367 1448; x_wconf 92' lang='lat' dir='ltr'>in</span> <span class='ocrx_word' id='word_1_90' title='bbox 382 1389 486 1469; x_wconf 84' lang='lat' dir='ltr'>quinto</span> <span class='ocrx_word' id='word_1_91' title='bbox 498 1389 595 1470; x_wconf 78' lang='lat' dir='ltr'>pedel</span> <span class='ocrx_word' id='word_1_92' title='bbox 616 1391 642 1450; x_wconf 90' lang='lat' dir='ltr'>si</span> <span class='ocrx_word' id='word_1_93' title='bbox 655 1390 772 1470; x_wconf 88' lang='lat' dir='ltr'>quidem</span> <span class='ocrx_word' id='word_1_94' title='bbox 786 1411 825 1452; x_wconf 86' lang='lat' dir='ltr'>es</span> <span class='ocrx_word' id='word_1_95' title='bbox 839 1391 957 1452; x_wconf 91' lang='lat' dir='ltr'>duobus</span> <span class='ocrx_word' id='word_1_96' title='bbox 965 1390 1096 1452; x_wconf 88' lang='lat' dir='ltr'>dimetria</span> <span class='ocrx_word' id='word_1_97' title='bbox 1107 1399 1243 1452; x_wconf 87' lang='lat' dir='ltr'>tetrame-</span> 
     </span>
     <span class='ocr_line' id='line_1_12' title="bbox 147 1484 1323 1564; baseline 0.002 -20"><span class='ocrx_word' id='word_1_98' title='bbox 147 1495 223 1544; x_wconf 86' lang='lat' dir='ltr'>trnm</span> <span class='ocrx_word' id='word_1_99' title='bbox 238 1493 286 1544; x_wconf 89' lang='lat' dir='ltr'>est</span> <span class='ocrx_word' id='word_1_100' title='bbox 301 1484 578 1546; x_wconf 85' lang='lat' dir='ltr'>consarcinandum.</span> <span class='ocrx_word' id='word_1_101' title='bbox 618 1485 698 1554; x_wconf 83' lang='lat' dir='ltr'>Quid</span> <span class='ocrx_word' id='word_1_102' title='bbox 720 1485 801 1564; x_wconf 92' lang='lat' dir='ltr'>qood</span> <span class='ocrx_word' id='word_1_103' title='bbox 824 1485 902 1546; x_wconf 87' lang='lat' dir='ltr'>idern</span> <span class='ocrx_word' id='word_1_104' title='bbox 927 1487 1036 1546; x_wconf 87' lang='lat' dir='ltr'>abusus</span> <span class='ocrx_word' id='word_1_105' title='bbox 1059 1496 1105 1546; x_wconf 89' lang='lat' dir='ltr'>est</span> <span class='ocrx_word' id='word_1_106' title='bbox 1127 1485 1243 1546; x_wconf 87' lang='lat' dir='ltr'>dimetri</span> <span class='ocrx_word' id='word_1_107' title='bbox 1318 1509 1323 1518; x_wconf 95' lang='lat'>·</span> 
     </span>
     <span class='ocr_line' id='line_1_13' title="bbox 147 1579 1244 1661; baseline 0.001 -22"><span class='ocrx_word' id='word_1_108' title='bbox 147 1580 330 1659; x_wconf 82' lang='lat' dir='ltr'>trimetrique</span> <span class='ocrx_word' id='word_1_109' title='bbox 344 1579 567 1660; x_wconf 83' lang='lat' dir='ltr'>appellationel</span> <span class='ocrx_word' id='word_1_110' title='bbox 581 1599 648 1641; x_wconf 85' lang='lat' dir='ltr'>uam</span> <span class='ocrx_word' id='word_1_111' title='bbox 656 1581 855 1661; x_wconf 87' lang='lat' dir='ltr'>imprudenter</span> <span class='ocrx_word' id='word_1_112' title='bbox 861 1591 981 1640; x_wconf 81' lang='lat' dir='ltr'>&#39;versum</span> <span class='ocrx_word' id='word_1_113' title='bbox 992 1581 1075 1641; x_wconf 90' lang='lat' dir='ltr'>illum</span> <span class='ocrx_word' id='word_1_114' title='bbox 1085 1601 1122 1640; x_wconf 83' lang='lat' dir='ltr'>ex</span> <span class='ocrx_word' id='word_1_115' title='bbox 1130 1579 1244 1640; x_wconf 81' lang='lat' dir='ltr'>Andria</span> 
     </span>
     <span class='ocr_line' id='line_1_14' title="bbox 145 1675 1241 1754; baseline 0.003 -20"><span class='ocrx_word' id='word_1_116' title='bbox 145 1675 304 1736; x_wconf 85' lang='lat' dir='ltr'>iambicum</span> <span class='ocrx_word' id='word_1_117' title='bbox 318 1685 532 1754; x_wconf 87' lang='lat' dir='ltr'>pentametrum</span> <span class='ocrx_word' id='word_1_118' title='bbox 547 1675 620 1736; x_wconf 80' lang='lat' dir='ltr'>dixit</span> <span class='ocrx_word' id='word_1_119' title='bbox 636 1694 720 1736; x_wconf 86' lang='lat' dir='ltr'>esse:</span> <span class='ocrx_word' id='word_1_120' title='bbox 742 1675 894 1736; x_wconf 86' lang='lat' dir='ltr'>‘lloocine</span> <span class='ocrx_word' id='word_1_121' title='bbox 904 1675 1045 1736; x_wconf 83' lang='lat' dir='ltr'>credibile</span> <span class='ocrx_word' id='word_1_122' title='bbox 1058 1685 1105 1736; x_wconf 91' lang='lat' dir='ltr'>est</span> <span class='ocrx_word' id='word_1_123' title='bbox 1114 1686 1166 1736; x_wconf 90' lang='lat' dir='ltr'>aut</span> <span class='ocrx_word' id='word_1_124' title='bbox 1180 1695 1241 1737; x_wconf 85' lang='lat' dir='ltr'>me·</span> 
     </span>
     <span class='ocr_line' id='line_1_15' title="bbox 147 1769 1241 1853; baseline 0.002 -23"><span class='ocrx_word' id='word_1_125' title='bbox 147 1769 322 1832; x_wconf 74' lang='lat' dir='ltr'>morabilei’</span> <span class='ocrx_word' id='word_1_126' title='bbox 350 1771 401 1850; x_wconf 92' lang='lat' dir='ltr'>qui</span> <span class='ocrx_word' id='word_1_127' title='bbox 424 1781 505 1832; x_wconf 86' lang='lat' dir='ltr'>esset</span> <span class='ocrx_word' id='word_1_128' title='bbox 526 1771 653 1832; x_wconf 83' lang='lat' dir='ltr'>trimeter</span> <span class='ocrx_word' id='word_1_129' title='bbox 680 1771 992 1853; x_wconf 81' lang='lat' dir='ltr'>brachycatalecticus.</span> <span class='ocrx_word' id='word_1_130' title='bbox 1035 1773 1140 1850; x_wconf 86' lang='lat' dir='ltr'>Neque</span> <span class='ocrx_word' id='word_1_131' title='bbox 1163 1771 1241 1832; x_wconf 91' lang='lat' dir='ltr'>enim</span> 
     </span>
     <span class='ocr_line' id='line_1_16' title="bbox 145 1865 1240 1948; baseline 0.001 -23"><span class='ocrx_word' id='word_1_132' title='bbox 145 1866 224 1926; x_wconf 88' lang='lat' dir='ltr'>idem</span> <span class='ocrx_word' id='word_1_133' title='bbox 247 1886 316 1928; x_wconf 88' lang='grc' dir='ltr'>εεεε</span> <span class='ocrx_word' id='word_1_134' title='bbox 335 1869 447 1946; x_wconf 67' lang='grc' dir='ltr'>μὶνρον,</span> <span class='ocrx_word' id='word_1_135' title='bbox 470 1875 502 1928; x_wconf 93' lang='grc' dir='ltr'>ει</span> <span class='ocrx_word' id='word_1_136' title='bbox 525 1865 642 1948; x_wconf 86' lang='lat' dir='ltr'>pedem,</span> <span class='ocrx_word' id='word_1_137' title='bbox 666 1885 755 1946; x_wconf 86' lang='lat' dir='ltr'>supra</span> <span class='ocrx_word' id='word_1_138' title='bbox 779 1866 923 1928; x_wconf 84' lang='lat' dir='ltr'>diximus:</span> <span class='ocrx_word' id='word_1_139' title='bbox 945 1866 999 1928; x_wconf 85' lang='lat' dir='ltr'>scd</span> <span class='ocrx_word' id='word_1_140' title='bbox 1020 1871 1122 1945; x_wconf 74' lang='grc' dir='ltr'><strong><em>μέτρον</em></strong></span> <span class='ocrx_word' id='word_1_141' title='bbox 1134 1883 1240 1946; x_wconf 82' lang='lat' dir='ltr'>capere</span> 
     </span>
     <span class='ocr_line' id='line_1_17' title="bbox 145 1961 1242 2042; baseline 0.002 -22"><span class='ocrx_word' id='word_1_142' title='bbox 145 1961 288 2022; x_wconf 88' lang='lat' dir='ltr'>motorios</span> <span class='ocrx_word' id='word_1_143' title='bbox 303 1961 396 2042; x_wconf 84' lang='lat' dir='ltr'>pedes</span> <span class='ocrx_word' id='word_1_144' title='bbox 410 1963 504 2023; x_wconf 86' lang='lat' dir='ltr'>duos:</span> <span class='ocrx_word' id='word_1_145' title='bbox 530 1981 632 2042; x_wconf 85' lang='lat' dir='ltr'>quare,</span> <span class='ocrx_word' id='word_1_146' title='bbox 646 1963 671 2022; x_wconf 92' lang='lat' dir='ltr'>si</span> <span class='ocrx_word' id='word_1_147' title='bbox 686 1973 899 2042; x_wconf 82' lang='lat' dir='ltr'>pentametrum</span> <span class='ocrx_word' id='word_1_148' title='bbox 924 1961 1080 2023; x_wconf 87' lang='lat' dir='ltr'>iambicum</span> <span class='ocrx_word' id='word_1_149' title='bbox 1094 1961 1196 2042; x_wconf 73' lang='lat' dir='ltr'>erigas</span> <span class='ocrx_word' id='word_1_150' title='bbox 1210 1971 1242 2022; x_wconf 88' lang='lat' dir='ltr'>et</span> 
     </span>
     <span class='ocr_line' id='line_1_18' title="bbox 146 2057 1237 2138; baseline 0 -22"><span class='ocrx_word' id='word_1_151' title='bbox 146 2075 166 2116; x_wconf 87' lang='lat' dir='ltr'>s</span> <span class='ocrx_word' id='word_1_152' title='bbox 178 2058 290 2119; x_wconf 67' lang='lat' dir='ltr'>Gneo</span> <span class='ocrx_word' id='word_1_153' title='bbox 303 2061 403 2138; x_wconf 66' lang='lat' dir='ltr'>poeta,</span> <span class='ocrx_word' id='word_1_154' title='bbox 416 2069 447 2120; x_wconf 88' lang='lat' dir='ltr'>et</span> <span class='ocrx_word' id='word_1_155' title='bbox 460 2077 479 2118; x_wconf 88' lang='lat' dir='ltr'>a</span> <span class='ocrx_word' id='word_1_156' title='bbox 493 2059 608 2130; x_wconf 88' lang='lat' dir='ltr'>Latino,</span> <span class='ocrx_word' id='word_1_157' title='bbox 622 2069 706 2121; x_wconf 84' lang='lat' dir='ltr'>tauto</span> <span class='ocrx_word' id='word_1_158' title='bbox 715 2060 809 2120; x_wconf 84' lang='lat' dir='ltr'>altero</span> <span class='ocrx_word' id='word_1_159' title='bbox 821 2059 959 2138; x_wconf 76' lang='lat' dir='ltr'>msJorem</span> <span class='ocrx_word' id='word_1_160' title='bbox 972 2057 1128 2118; x_wconf 85' lang='lat' dir='ltr'>ostendat:</span> <span class='ocrx_word' id='word_1_161' title='bbox 1149 2075 1237 2136; x_wconf 89' lang='lat' dir='ltr'>quern</span> 
     </span>
     <span class='ocr_line' id='line_1_19' title="bbox 144 2153 1240 2217; baseline -0.002 -3"><span class='ocrx_word' id='word_1_162' title='bbox 144 2171 273 2214; x_wconf 85' lang='lat' dir='ltr'>errorem</span> <span class='ocrx_word' id='word_1_163' title='bbox 287 2155 375 2214; x_wconf 88' lang='lat' dir='ltr'>etiam</span> <span class='ocrx_word' id='word_1_164' title='bbox 388 2156 418 2214; x_wconf 89' lang='lat' dir='ltr'>iu</span> <span class='ocrx_word' id='word_1_165' title='bbox 442 2153 494 2216; x_wconf 92' lang='lat' dir='ltr'>illo</span> <span class='ocrx_word' id='word_1_166' title='bbox 512 2155 712 2217; x_wconf 82' lang='lat' dir='ltr'>continuavit:</span> <span class='ocrx_word' id='word_1_167' title='bbox 746 2155 845 2216; x_wconf 83' lang='lat' dir='ltr'>‘Nori</span> <span class='ocrx_word' id='word_1_168' title='bbox 869 2173 929 2216; x_wconf 88' lang='lat' dir='ltr'>rem</span> <span class='ocrx_word' id='word_1_169' title='bbox 954 2173 1089 2214; x_wconf 87' lang='lat' dir='ltr'>omnem:</span> <span class='ocrx_word' id='word_1_170' title='bbox 1116 2153 1171 2214; x_wconf 86' lang='lat' dir='ltr'>sed</span> <span class='ocrx_word' id='word_1_171' title='bbox 1192 2161 1240 2212; x_wconf 90' lang='lat' dir='ltr'>est</span> 
     </span>
     <span class='ocr_line' id='line_1_20' title="bbox 145 2247 1238 2330; baseline 0.001 -23"><span class='ocrx_word' id='word_1_172' title='bbox 145 2247 227 2308; x_wconf 85' lang='lat' dir='ltr'>Simo</span> <span class='ocrx_word' id='word_1_173' title='bbox 241 2248 344 2308; x_wconf 76' lang='lat' dir='ltr'>intus?</span> <span class='ocrx_word' id='word_1_174' title='bbox 375 2249 442 2310; x_wconf 82' lang='lat' dir='ltr'>est&#39;</span> <span class='ocrx_word' id='word_1_175' title='bbox 492 2250 572 2330; x_wconf 72' lang='lat' dir='ltr'>Ergo</span> <span class='ocrx_word' id='word_1_176' title='bbox 596 2249 668 2312; x_wconf 88' lang='lat' dir='ltr'>nibil</span> <span class='ocrx_word' id='word_1_177' title='bbox 687 2250 790 2312; x_wconf 86' lang='lat' dir='ltr'>mirum</span> <span class='ocrx_word' id='word_1_178' title='bbox 813 2250 860 2322; x_wconf 89' lang='lat' dir='ltr'>sit,</span> <span class='ocrx_word' id='word_1_179' title='bbox 888 2251 938 2329; x_wconf 87' lang='lat' dir='ltr'>qui</span> <span class='ocrx_word' id='word_1_180' title='bbox 963 2249 1094 2310; x_wconf 86' lang='lat' dir='ltr'>motoriis</span> <span class='ocrx_word' id='word_1_181' title='bbox 1116 2247 1238 2326; x_wconf 89' lang='lat' dir='ltr'>pedibus</span> 
     </span>
     <span class='ocr_line' id='line_1_21' title="bbox 142 2343 1238 2424; baseline 0 -20"><span class='ocrx_word' id='word_1_182' title='bbox 142 2345 258 2405; x_wconf 77' lang='lat' dir='ltr'>auferat</span> <span class='ocrx_word' id='word_1_183' title='bbox 282 2363 338 2404; x_wconf 90' lang='lat' dir='ltr'>sua</span> <span class='ocrx_word' id='word_1_184' title='bbox 354 2344 434 2424; x_wconf 85' lang='lat' dir='ltr'>jura,</span> <span class='ocrx_word' id='word_1_185' title='bbox 458 2343 497 2404; x_wconf 90' lang='lat' dir='ltr'>ad</span> <span class='ocrx_word' id='word_1_186' title='bbox 521 2345 658 2406; x_wconf 87' lang='lat' dir='ltr'>statarios</span> <span class='ocrx_word' id='word_1_187' title='bbox 682 2346 826 2406; x_wconf 85' lang='lat' dir='ltr'>immerito</span> <span class='ocrx_word' id='word_1_188' title='bbox 849 2344 1016 2406; x_wconf 71' lang='lat' dir='ltr'>mansierre.</span> <span class='ocrx_word' id='word_1_189' title='bbox 1059 2343 1146 2404; x_wconf 89' lang='lat' dir='ltr'>llluns</span> <span class='ocrx_word' id='word_1_190' title='bbox 1160 2343 1238 2404; x_wconf 89' lang='lat' dir='ltr'>enim</span> 
     </span>
     <span class='ocr_line' id='line_1_22' title="bbox 143 2439 1238 2522; baseline 0 -20"><span class='ocrx_word' id='word_1_191' title='bbox 143 2460 261 2502; x_wconf 79' lang='lat' dir='ltr'>versum</span> <span class='ocrx_word' id='word_1_192' title='bbox 274 2461 312 2501; x_wconf 84' lang='lat' dir='ltr'>es</span> <span class='ocrx_word' id='word_1_193' title='bbox 326 2440 459 2502; x_wconf 77' lang='lat' dir='ltr'>Andria:</span> <span class='ocrx_word' id='word_1_194' title='bbox 489 2441 550 2502; x_wconf 83' lang='lat' dir='ltr'>‘Ut</span> <span class='ocrx_word' id='word_1_195' title='bbox 572 2443 656 2502; x_wconf 89' lang='lat' dir='ltr'>malis</span> <span class='ocrx_word' id='word_1_196' title='bbox 679 2442 841 2522; x_wconf 73' lang='lat' dir='ltr'>gaudeant,</span> <span class='ocrx_word' id='word_1_197' title='bbox 865 2451 954 2522; x_wconf 86' lang='lat' dir='ltr'>etque</span> <span class='ocrx_word' id='word_1_198' title='bbox 968 2461 1005 2502; x_wconf 85' lang='lat' dir='ltr'>ex</span> <span class='ocrx_word' id='word_1_199' title='bbox 1018 2439 1210 2502; x_wconf 87' lang='lat' dir='ltr'>incommodis</span> <span class='ocrx_word' id='word_1_200' title='bbox 1220 2439 1238 2502; x_wconf 82' lang='grc' dir='ltr'>ε’</span> 
     </span>
     <span class='ocr_line' id='line_1_23' title="bbox 144 2536 1237 2620; baseline 0 -22"><span class='ocrx_word' id='word_1_201' title='bbox 144 2556 235 2599; x_wconf 85' lang='lat' dir='ltr'>susus</span> <span class='ocrx_word' id='word_1_202' title='bbox 249 2549 297 2599; x_wconf 85' lang='lat' dir='ltr'>est</span> <span class='ocrx_word' id='word_1_203' title='bbox 309 2537 448 2600; x_wconf 86' lang='lat' dir='ltr'>creticum</span> <span class='ocrx_word' id='word_1_204' title='bbox 468 2536 622 2598; x_wconf 85' lang='lat' dir='ltr'>dimetrum</span> <span class='ocrx_word' id='word_1_205' title='bbox 637 2540 787 2600; x_wconf 89' lang='lat' dir='ltr'>nominare</span> <span class='ocrx_word' id='word_1_206' title='bbox 799 2559 808 2599; x_wconf 80' lang='lat' dir='ltr'>r</span> <span class='ocrx_word' id='word_1_207' title='bbox 829 2539 880 2618; x_wconf 90' lang='lat' dir='ltr'>qui</span> <span class='ocrx_word' id='word_1_208' title='bbox 894 2548 991 2599; x_wconf 90' lang='lat' dir='ltr'>tamen</span> <span class='ocrx_word' id='word_1_209' title='bbox 1005 2557 1070 2620; x_wconf 85' lang='lat' dir='ltr'>pes,</span> <span class='ocrx_word' id='word_1_210' title='bbox 1095 2557 1162 2598; x_wconf 88' lang='lat' dir='ltr'>cunr</span> <span class='ocrx_word' id='word_1_211' title='bbox 1176 2557 1237 2598; x_wconf 86' lang='lat' dir='ltr'>non</span> 
     </span>
     <span class='ocr_line' id='line_1_24' title="bbox 142 2632 1237 2716; baseline -0.003 -21"><span class='ocrx_word' id='word_1_212' title='bbox 142 2633 240 2696; x_wconf 85' lang='lat' dir='ltr'>solum</span> <span class='ocrx_word' id='word_1_213' title='bbox 255 2632 433 2714; x_wconf 80' lang='lat' dir='ltr'>syllabarum</span> <span class='ocrx_word' id='word_1_214' title='bbox 447 2651 581 2706; x_wconf 88' lang='lat' dir='ltr'>numero,</span> <span class='ocrx_word' id='word_1_215' title='bbox 604 2634 657 2695; x_wconf 88' lang='lat' dir='ltr'>sed</span> <span class='ocrx_word' id='word_1_216' title='bbox 671 2636 759 2695; x_wconf 88' lang='lat' dir='ltr'>etiarn</span> <span class='ocrx_word' id='word_1_217' title='bbox 773 2645 935 2716; x_wconf 86' lang='lat' dir='ltr'>temporum</span> <span class='ocrx_word' id='word_1_218' title='bbox 950 2633 1114 2712; x_wconf 86' lang='lat' dir='ltr'>quantitate</span> <span class='ocrx_word' id='word_1_219' title='bbox 1127 2632 1237 2711; x_wconf 87' lang='lat' dir='ltr'>prolis·</span> 
     </span>
     <span class='ocr_line' id='line_1_25' title="bbox 143 2728 1236 2810; baseline -0.002 -20"><span class='ocrx_word' id='word_1_220' title='bbox 143 2729 194 2802; x_wconf 90' lang='lat' dir='ltr'>ior,</span> <span class='ocrx_word' id='word_1_221' title='bbox 214 2749 307 2810; x_wconf 89' lang='lat' dir='ltr'>qnam</span> <span class='ocrx_word' id='word_1_222' title='bbox 333 2728 494 2808; x_wconf 75' lang='lat' dir='ltr'>spondaeus</span> <span class='ocrx_word' id='word_1_223' title='bbox 519 2730 576 2790; x_wconf 80' lang='lat' dir='ltr'>sit:</span> <span class='ocrx_word' id='word_1_224' title='bbox 603 2749 693 2809; x_wconf 86' lang='lat' dir='ltr'>quare</span> <span class='ocrx_word' id='word_1_225' title='bbox 719 2732 800 2792; x_wconf 90' lang='lat' dir='ltr'>solus</span> <span class='ocrx_word' id='word_1_226' title='bbox 824 2749 914 2790; x_wconf 86' lang='lat' dir='ltr'>uuam</span> <span class='ocrx_word' id='word_1_227' title='bbox 940 2729 1154 2788; x_wconf 87' lang='lat' dir='ltr'>dimensionem</span> <span class='ocrx_word' id='word_1_228' title='bbox 1176 2747 1236 2788; x_wconf 85' lang='lat' dir='ltr'>noa</span> 
     </span>
     <span class='ocr_line' id='line_1_26' title="bbox 143 2823 1236 2906; baseline -0.002 -20"><span class='ocrx_word' id='word_1_229' title='bbox 143 2823 271 2906; x_wconf 87' lang='lat' dir='ltr'>erpleat,</span> <span class='ocrx_word' id='word_1_230' title='bbox 286 2825 311 2885; x_wconf 90' lang='lat' dir='ltr'>ai</span> <span class='ocrx_word' id='word_1_231' title='bbox 326 2824 485 2906; x_wconf 77' lang='lat' dir='ltr'>spondaeus</span> <span class='ocrx_word' id='word_1_232' title='bbox 506 2823 631 2904; x_wconf 75' lang='lat' dir='ltr'>impleti</span> <span class='ocrx_word' id='word_1_233' title='bbox 662 2827 735 2885; x_wconf 84' lang='lat' dir='ltr'>Eum</span> <span class='ocrx_word' id='word_1_234' title='bbox 750 2837 847 2886; x_wconf 89' lang='lat' dir='ltr'>tamen</span> <span class='ocrx_word' id='word_1_235' title='bbox 869 2833 988 2886; x_wconf 83' lang='lat' dir='ltr'>secutus</span> <span class='ocrx_word' id='word_1_236' title='bbox 1002 2823 1116 2896; x_wconf 85' lang='lat' dir='ltr'>Rivius,</span> <span class='ocrx_word' id='word_1_237' title='bbox 1136 2841 1236 2902; x_wconf 88' lang='lat' dir='ltr'>parem</span> 
     </span>
     <span class='ocr_line' id='line_1_27' title="bbox 144 2919 1235 3003; baseline -0.003 -20"><span class='ocrx_word' id='word_1_238' title='bbox 144 2923 247 2984; x_wconf 86' lang='lat' dir='ltr'>erroris</span> <span class='ocrx_word' id='word_1_239' title='bbox 271 2921 391 2982; x_wconf 80' lang='lat' dir='ltr'>admisit</span> <span class='ocrx_word' id='word_1_240' title='bbox 414 2921 642 3003; x_wconf 85' lang='lat' dir='ltr'>proportionem.</span> <span class='ocrx_word' id='word_1_241' title='bbox 694 2919 845 3000; x_wconf 88' lang='lat' dir='ltr'>Siquidem</span> <span class='ocrx_word' id='word_1_242' title='bbox 869 2919 1023 2981; x_wconf 75' lang='lat' dir='ltr'>trochaicis</span> <span class='ocrx_word' id='word_1_243' title='bbox 1051 2927 1235 2998; x_wconf 70' lang='lat' dir='ltr'>anapestum</span> 
     </span>
     <span class='ocr_line' id='line_1_28' title="bbox 143 3014 1234 3098; baseline -0.004 -20"><span class='ocrx_word' id='word_1_244' title='bbox 143 3019 275 3080; x_wconf 85' lang='lat' dir='ltr'>interseri</span> <span class='ocrx_word' id='word_1_245' title='bbox 291 3037 502 3098; x_wconf 87' lang='lat' dir='ltr'>nonnunquam</span> <span class='ocrx_word' id='word_1_246' title='bbox 517 3017 742 3097; x_wconf 88' lang='lat' dir='ltr'>scripsit&#39;causa</span> <span class='ocrx_word' id='word_1_247' title='bbox 750 3015 925 3078; x_wconf 87' lang='lat' dir='ltr'>celeritatis:</span> <span class='ocrx_word' id='word_1_248' title='bbox 946 3014 1027 3094; x_wconf 89' lang='lat' dir='ltr'>quod</span> <span class='ocrx_word' id='word_1_249' title='bbox 1041 3014 1152 3075; x_wconf 89' lang='lat' dir='ltr'>dictum</span> <span class='ocrx_word' id='word_1_250' title='bbox 1166 3033 1234 3076; x_wconf 89' lang='lat' dir='ltr'>oum</span> 
     </span>
     <span class='ocr_line' id='line_1_29' title="bbox 141 3111 1232 3194; baseline -0.002 -20"><span class='ocrx_word' id='word_1_251' title='bbox 141 3115 192 3176; x_wconf 95' lang='lat' dir='ltr'>illo</span> <span class='ocrx_word' id='word_1_252' title='bbox 219 3116 370 3194; x_wconf 88' lang='lat' dir='ltr'>superiore</span> <span class='ocrx_word' id='word_1_253' title='bbox 393 3115 518 3176; x_wconf 84' lang='lat' dir='ltr'>maxime</span> <span class='ocrx_word' id='word_1_254' title='bbox 539 3113 700 3174; x_wconf 81' lang='lat' dir='ltr'>convenit:</span> <span class='ocrx_word' id='word_1_255' title='bbox 731 3113 808 3174; x_wconf 88' lang='lat' dir='ltr'>idem</span> <span class='ocrx_word' id='word_1_256' title='bbox 834 3131 961 3191; x_wconf 87' lang='lat' dir='ltr'>namque</span> <span class='ocrx_word' id='word_1_257' title='bbox 981 3111 1131 3172; x_wconf 85' lang='lat' dir='ltr'>sentiunt:</span> <span class='ocrx_word' id='word_1_258' title='bbox 1164 3129 1232 3172; x_wconf 87' lang='lat' dir='ltr'>curn</span> 
     </span>
     <span class='ocr_line' id='line_1_30' title="bbox 140 3207 1232 3289; baseline -0.001 -18"><span class='ocrx_word' id='word_1_259' title='bbox 140 3211 188 3271; x_wconf 90' lang='lat' dir='ltr'>ille</span> <span class='ocrx_word' id='word_1_260' title='bbox 212 3211 354 3271; x_wconf 89' lang='lat' dir='ltr'>creticum</span> <span class='ocrx_word' id='word_1_261' title='bbox 378 3210 416 3270; x_wconf 91' lang='lat' dir='ltr'>ad</span> <span class='ocrx_word' id='word_1_262' title='bbox 440 3209 579 3282; x_wconf 84' lang='lat' dir='ltr'>iambum,</span> <span class='ocrx_word' id='word_1_263' title='bbox 604 3209 653 3270; x_wconf 90' lang='lat' dir='ltr'>bic</span> <span class='ocrx_word' id='word_1_264' title='bbox 677 3221 861 3289; x_wconf 76' lang='lat' dir='ltr'>anapaestum</span> <span class='ocrx_word' id='word_1_265' title='bbox 883 3208 990 3268; x_wconf 81' lang='lat' dir='ltr'>referat</span> <span class='ocrx_word' id='word_1_266' title='bbox 1009 3207 1047 3268; x_wconf 93' lang='lat' dir='ltr'>ad</span> <span class='ocrx_word' id='word_1_267' title='bbox 1061 3207 1232 3270; x_wconf 71' lang='lat' dir='ltr'>trocheum.</span> 
     </span>
     <span class='ocr_line' id='line_1_31' title="bbox 142 3303 1233 3387; baseline -0.002 -21"><span class='ocrx_word' id='word_1_268' title='bbox 142 3307 253 3387; x_wconf 77' lang='lat' dir='ltr'>Atqui</span> <span class='ocrx_word' id='word_1_269' title='bbox 273 3325 326 3386; x_wconf 92' lang='lat' dir='ltr'>pes</span> <span class='ocrx_word' id='word_1_270' title='bbox 345 3307 387 3366; x_wconf 89' lang='lat' dir='ltr'>ita</span> <span class='ocrx_word' id='word_1_271' title='bbox 408 3316 489 3366; x_wconf 87' lang='lat' dir='ltr'>esset</span> <span class='ocrx_word' id='word_1_272' title='bbox 511 3317 636 3384; x_wconf 89' lang='lat' dir='ltr'>quatuor</span> <span class='ocrx_word' id='word_1_273' title='bbox 648 3305 790 3386; x_wconf 76' lang='lat' dir='ltr'>preditus</span> <span class='ocrx_word' id='word_1_274' title='bbox 804 3303 994 3385; x_wconf 88' lang='lat' dir='ltr'>temporibus,</span> <span class='ocrx_word' id='word_1_275' title='bbox 1019 3314 1053 3363; x_wconf 89' lang='lat' dir='ltr'>ut</span> <span class='ocrx_word' id='word_1_276' title='bbox 1072 3303 1132 3377; x_wconf 78' lang='lat' dir='ltr'>duo</span> <span class='ocrx_word' id='word_1_277' title='bbox 1147 3305 1233 3364; x_wconf 88' lang='lat' dir='ltr'>simul</span> 
     </span>
     <span class='ocr_line' id='line_1_32' title="bbox 141 3401 1234 3484; baseline -0.002 -20"><span class='ocrx_word' id='word_1_278' title='bbox 141 3423 228 3464; x_wconf 87' lang='lat' dir='ltr'>unam</span> <span class='ocrx_word' id='word_1_279' title='bbox 243 3403 387 3483; x_wconf 74' lang='lat' dir='ltr'>syllabam</span> <span class='ocrx_word' id='word_1_280' title='bbox 401 3403 552 3462; x_wconf 78' lang='lat' dir='ltr'>efficerent</span> <span class='ocrx_word' id='word_1_281' title='bbox 564 3401 681 3482; x_wconf 87' lang='lat' dir='ltr'>plenam</span> <span class='ocrx_word' id='word_1_282' title='bbox 694 3403 834 3484; x_wconf 89' lang='lat' dir='ltr'>ponderis</span> <span class='ocrx_word' id='word_1_283' title='bbox 847 3413 877 3464; x_wconf 93' lang='lat' dir='ltr'>et</span> <span class='ocrx_word' id='word_1_284' title='bbox 889 3401 1053 3482; x_wconf 75' lang='lat' dir='ltr'>gravitatis,</span> <span class='ocrx_word' id='word_1_285' title='bbox 1068 3421 1125 3462; x_wconf 87' lang='lat' dir='ltr'>non</span> <span class='ocrx_word' id='word_1_286' title='bbox 1138 3402 1234 3482; x_wconf 89' lang='lat' dir='ltr'>potuit</span> 
     </span>
     <span class='ocr_line' id='line_1_33' title="bbox 141 3497 1233 3577; baseline -0.004 -17"><span class='ocrx_word' id='word_1_287' title='bbox 141 3502 213 3561; x_wconf 85' lang='lat' dir='ltr'>inter</span> <span class='ocrx_word' id='word_1_288' title='bbox 241 3517 377 3560; x_wconf 87' lang='lat' dir='ltr'>cursores</span> <span class='ocrx_word' id='word_1_289' title='bbox 401 3498 470 3559; x_wconf 90' lang='lat' dir='ltr'>illos</span> <span class='ocrx_word' id='word_1_290' title='bbox 493 3497 695 3557; x_wconf 87' lang='lat' dir='ltr'>annumerari:</span> <span class='ocrx_word' id='word_1_291' title='bbox 729 3499 891 3577; x_wconf 75' lang='lat' dir='ltr'>praesertim</span> <span class='ocrx_word' id='word_1_292' title='bbox 914 3517 981 3558; x_wconf 91' lang='lat' dir='ltr'>curn</span> <span class='ocrx_word' id='word_1_293' title='bbox 1000 3499 1097 3558; x_wconf 86' lang='lat' dir='ltr'>iambo</span> <span class='ocrx_word' id='word_1_294' title='bbox 1111 3497 1233 3556; x_wconf 77' lang='lat' dir='ltr'>similior</span> 
     </span>
     <span class='ocr_line' id='line_1_34' title="bbox 140 3591 1231 3674; baseline -0.005 -18"><span class='ocrx_word' id='word_1_295' title='bbox 140 3605 221 3656; x_wconf 86' lang='lat' dir='ltr'>esset</span> <span class='ocrx_word' id='word_1_296' title='bbox 233 3604 405 3674; x_wconf 71' lang='lat' dir='ltr'>anapestus</span> <span class='ocrx_word' id='word_1_297' title='bbox 425 3611 514 3673; x_wconf 90' lang='lat' dir='ltr'>quam</span> <span class='ocrx_word' id='word_1_298' title='bbox 528 3591 678 3652; x_wconf 76' lang='lat' dir='ltr'>trocbmo:</span> <span class='ocrx_word' id='word_1_299' title='bbox 700 3603 824 3673; x_wconf 89' lang='lat' dir='ltr'>uterque</span> <span class='ocrx_word' id='word_1_300' title='bbox 847 3594 923 3654; x_wconf 88' lang='lat' dir='ltr'>enim</span> <span class='ocrx_word' id='word_1_301' title='bbox 938 3613 956 3653; x_wconf 89' lang='lat' dir='ltr'>a</span> <span class='ocrx_word' id='word_1_302' title='bbox 969 3593 1105 3653; x_wconf 80' lang='lat' dir='ltr'>brevibus</span> <span class='ocrx_word' id='word_1_303' title='bbox 1119 3591 1231 3670; x_wconf 90' lang='lat' dir='ltr'>incipit,</span> 
     </span>
     <span class='ocr_line' id='line_1_35' title="bbox 139 3689 1230 3771; baseline -0.004 -19"><span class='ocrx_word' id='word_1_304' title='bbox 139 3693 168 3753; x_wconf 88' lang='lat' dir='ltr'>in</span> <span class='ocrx_word' id='word_1_305' title='bbox 179 3691 301 3771; x_wconf 71' lang='lat' dir='ltr'>longam</span> <span class='ocrx_word' id='word_1_306' title='bbox 316 3690 433 3752; x_wconf 88' lang='lat' dir='ltr'>desinit.</span> <span class='ocrx_word' id='word_1_307' title='bbox 465 3689 585 3758; x_wconf 85' lang='lat' dir='ltr'>Quanto</span> <span class='ocrx_word' id='word_1_308' title='bbox 594 3691 670 3750; x_wconf 89' lang='lat' dir='ltr'>euim</span> <span class='ocrx_word' id='word_1_309' title='bbox 685 3691 800 3768; x_wconf 77' lang='lat' dir='ltr'>gravior</span> <span class='ocrx_word' id='word_1_310' title='bbox 812 3699 859 3748; x_wconf 89' lang='lat' dir='ltr'>est</span> <span class='ocrx_word' id='word_1_311' title='bbox 868 3691 982 3749; x_wconf 87' lang='lat' dir='ltr'>iambus</span> <span class='ocrx_word' id='word_1_312' title='bbox 996 3689 1135 3757; x_wconf 86' lang='lat' dir='ltr'>trochseo,</span> <span class='ocrx_word' id='word_1_313' title='bbox 1146 3697 1230 3748; x_wconf 86' lang='lat' dir='ltr'>tanto</span> 
     </span>
     <span class='ocr_line' id='line_1_36' title="bbox 139 3783 1229 3867; baseline -0.006 -18"><span class='ocrx_word' id='word_1_314' title='bbox 139 3799 184 3849; x_wconf 89' lang='lat' dir='ltr'>est</span> <span class='ocrx_word' id='word_1_315' title='bbox 211 3796 384 3867; x_wconf 70' lang='lat' dir='ltr'>anapestus</span> <span class='ocrx_word' id='word_1_316' title='bbox 412 3783 542 3865; x_wconf 81' lang='lat' dir='ltr'>dactylo.</span> <span class='ocrx_word' id='word_1_317' title='bbox 583 3783 681 3852; x_wconf 85' lang='lat' dir='ltr'>Quare</span> <span class='ocrx_word' id='word_1_318' title='bbox 705 3805 764 3846; x_wconf 88' lang='lat' dir='ltr'>non</span> <span class='ocrx_word' id='word_1_319' title='bbox 793 3785 850 3845; x_wconf 84' lang='lat' dir='ltr'>lesi</span> <span class='ocrx_word' id='word_1_320' title='bbox 871 3785 909 3844; x_wconf 90' lang='lat' dir='ltr'>de</span> <span class='ocrx_word' id='word_1_321' title='bbox 927 3801 1018 3844; x_wconf 89' lang='lat' dir='ltr'>causa</span> <span class='ocrx_word' id='word_1_322' title='bbox 1040 3785 1149 3844; x_wconf 83' lang='lat' dir='ltr'>lactum</span> <span class='ocrx_word' id='word_1_323' title='bbox 1173 3797 1229 3856; x_wconf 89' lang='lat' dir='ltr'>est,</span> 
     </span>
     <span class='ocr_line' id='line_1_37' title="bbox 138 3879 1230 3965; baseline -0.005 -20"><span class='ocrx_word' id='word_1_324' title='bbox 138 3895 171 3945; x_wconf 86' lang='lat' dir='ltr'>ut</span> <span class='ocrx_word' id='word_1_325' title='bbox 190 3881 358 3965; x_wconf 79' lang='lat' dir='ltr'>gravissimi</span> <span class='ocrx_word' id='word_1_326' title='bbox 391 3881 534 3961; x_wconf 78' lang='lat' dir='ltr'>polimatis</span> <span class='ocrx_word' id='word_1_327' title='bbox 563 3881 737 3960; x_wconf 73' lang='lat' dir='ltr'>gravissima</span> <span class='ocrx_word' id='word_1_328' title='bbox 771 3901 839 3960; x_wconf 87' lang='lat' dir='ltr'>pars</span> <span class='ocrx_word' id='word_1_329' title='bbox 865 3881 973 3940; x_wconf 86' lang='lat' dir='ltr'>chorus</span> <span class='ocrx_word' id='word_1_330' title='bbox 1002 3879 1041 3940; x_wconf 89' lang='lat' dir='ltr'>ad</span> <span class='ocrx_word' id='word_1_331' title='bbox 1066 3879 1230 3960; x_wconf 80' lang='lat' dir='ltr'>gravissimi</span> 
     </span>
     <span class='ocr_line' id='line_1_38' title="bbox 137 3973 1228 4059; baseline -0.004 -20"><span class='ocrx_word' id='word_1_332' title='bbox 137 3980 221 4059; x_wconf 86' lang='lat' dir='ltr'>pedis</span> <span class='ocrx_word' id='word_1_333' title='bbox 256 3979 441 4058; x_wconf 83' lang='lat' dir='ltr'>majestatem</span> <span class='ocrx_word' id='word_1_334' title='bbox 476 3993 542 4036; x_wconf 87' lang='lat' dir='ltr'>sese</span> <span class='ocrx_word' id='word_1_335' title='bbox 574 3975 731 4048; x_wconf 76' lang='lat' dir='ltr'>conferret,</span> <span class='ocrx_word' id='word_1_336' title='bbox 762 3975 875 4036; x_wconf 91' lang='lat' dir='ltr'>scilicet</span> <span class='ocrx_word' id='word_1_337' title='bbox 900 3983 1093 4052; x_wconf 83' lang='lat' dir='ltr'>anapaestum.</span> <span class='ocrx_word' id='word_1_338' title='bbox 1148 3973 1228 4044; x_wconf 90' lang='lat' dir='ltr'>Quid</span> 
     </span>
     <span class='ocr_line' id='line_1_39' title="bbox 137 4068 1228 4156; baseline -0.004 -20"><span class='ocrx_word' id='word_1_339' title='bbox 137 4075 215 4156; x_wconf 90' lang='lat' dir='ltr'>qnod</span> <span class='ocrx_word' id='word_1_340' title='bbox 230 4074 280 4135; x_wconf 89' lang='lat' dir='ltr'>ille</span> <span class='ocrx_word' id='word_1_341' title='bbox 303 4073 415 4134; x_wconf 84' lang='lat' dir='ltr'>unllam</span> <span class='ocrx_word' id='word_1_342' title='bbox 440 4072 540 4151; x_wconf 90' lang='lat' dir='ltr'>posuit</span> <span class='ocrx_word' id='word_1_343' title='bbox 559 4073 712 4146; x_wconf 89' lang='lat' dir='ltr'>rationem,</span> <span class='ocrx_word' id='word_1_344' title='bbox 726 4083 846 4151; x_wconf 89' lang='lat' dir='ltr'>propter</span> <span class='ocrx_word' id='word_1_345' title='bbox 865 4089 953 4150; x_wconf 90' lang='lat' dir='ltr'>quam</span> <span class='ocrx_word' id='word_1_346' title='bbox 980 4068 1127 4130; x_wconf 70' lang='lat' dir='ltr'>trochaeus</span> <span class='ocrx_word' id='word_1_347' title='bbox 1148 4081 1228 4132; x_wconf 90' lang='lat' dir='ltr'>esset</span> 
     </span>
     <span class='ocr_line' id='line_1_40' title="bbox 137 4167 1228 4240; baseline -0.004 -8"><span class='ocrx_word' id='word_1_348' title='bbox 137 4173 234 4232; x_wconf 79' lang='lat' dir='ltr'>iambo</span> <span class='ocrx_word' id='word_1_349' title='bbox 246 4168 423 4230; x_wconf 74' lang='lat' dir='ltr'>volubilior?</span> <span class='ocrx_word' id='word_1_350' title='bbox 444 4169 486 4227; x_wconf 79' lang='lat' dir='ltr'>At</span> <span class='ocrx_word' id='word_1_351' title='bbox 508 4187 578 4228; x_wconf 84' lang='lat' dir='ltr'>vero</span> <span class='ocrx_word' id='word_1_352' title='bbox 605 4177 635 4229; x_wconf 93' lang='lat' dir='ltr'>et</span> <span class='ocrx_word' id='word_1_353' title='bbox 659 4187 766 4229; x_wconf 87' lang='lat' dir='ltr'>nomeu</span> <span class='ocrx_word' id='word_1_354' title='bbox 788 4167 926 4228; x_wconf 80' lang='lat' dir='ltr'>Graecum</span> <span class='ocrx_word' id='word_1_355' title='bbox 950 4168 1099 4228; x_wconf 81' lang='lat' dir='ltr'>excitabat</span> <span class='ocrx_word' id='word_1_356' title='bbox 1112 4187 1176 4240; x_wconf 89' lang='lat' dir='ltr'>uos,</span> <span class='ocrx_word' id='word_1_357' title='bbox 1197 4177 1228 4228; x_wconf 90' lang='lat' dir='ltr'>et</span> 
     </span>
     <span class='ocr_line' id='line_1_41' title="bbox 138 4263 1227 4345; baseline -0.006 -17"><span class='ocrx_word' id='word_1_358' title='bbox 138 4266 257 4328; x_wconf 75' lang='lat' dir='ltr'>suberat</span> <span class='ocrx_word' id='word_1_359' title='bbox 273 4264 359 4327; x_wconf 89' lang='lat' dir='ltr'>ratio.</span> <span class='ocrx_word' id='word_1_360' title='bbox 402 4263 490 4339; x_wconf 83' lang='lat' dir='ltr'>Nam,</span> <span class='ocrx_word' id='word_1_361' title='bbox 518 4265 568 4344; x_wconf 89' lang='lat' dir='ltr'>qui</span> <span class='ocrx_word' id='word_1_362' title='bbox 594 4273 625 4326; x_wconf 90' lang='lat' dir='ltr'>et</span> <span class='ocrx_word' id='word_1_363' title='bbox 651 4263 836 4345; x_wconf 80' lang='lat' dir='ltr'>Syllabarum</span> <span class='ocrx_word' id='word_1_364' title='bbox 857 4283 989 4341; x_wconf 88' lang='lat' dir='ltr'>numero,</span> <span class='ocrx_word' id='word_1_365' title='bbox 1012 4273 1043 4326; x_wconf 87' lang='lat' dir='ltr'>et</span> <span class='ocrx_word' id='word_1_366' title='bbox 1063 4273 1227 4344; x_wconf 81' lang='lat' dir='ltr'>temporum</span> 
     </span>
    </p>
   </div>
   <div class='ocr_carea' id='block_1_3' title="bbox 0 0 1478 4890">
    <p class='ocr_par' dir='ltr' id='par_1_3' title="bbox 0 0 1478 4890">
     <span class='ocr_line' id='line_1_42' title="bbox 0 0 1478 4890; baseline 0 6"><span class='ocrx_word' id='word_1_367' title='bbox 0 0 1478 4890; x_wconf 95' lang='lat' dir='ltr'> </span> 
     </span>
    </p>
   </div>
  </div>
 </body>
</html>
