3012 4892
243 431 286 495 70
661 441 708 490 na
732 441 922 490 cassano.

163 607 172 624 1
244 583 318 666 cycli
333 583 471 664 speciem,
494 583 533 642 ad
554 583 734 663 spectandos
748 582 855 644 ludos:
878 583 1050 664 spectacula
1066 583 1166 644 Latine
1181 581 1340 664 possmus

245 681 352 740 dicere.
394 679 470 738 Cum
484 677 577 738 forum
592 678 758 738 institutum
771 679 868 753 fuerit,
881 678 990 760 (inquit
1003 679 1168 756 Vitruvius)
1181 689 1244 738 tum
1260 679 1342 739 neo:

245 795 308 836 rum
324 774 530 834 immortalium
545 774 649 834 diebus
664 774 758 848 festis,
779 773 914 834 ludomm
929 774 1172 854 spectationibus,
1186 774 1342 854 eligendus

245 882 292 932 est
312 871 397 930 locus
419 871 547 932 Theatra
567 890 656 950 quam
680 869 899 930 saluberrimus.
943 870 1074 930 Fuerunt
1095 881 1192 932 autem
1213 871 1343 929 Theatra

246 967 370 1027 duorum
385 987 541 1048 generum:
557 967 615 1026 alia
629 965 727 1046 lignea
740 978 770 1024 et
783 965 914 1044 pluribus
929 965 1169 1026 tabellationibos
1182 977 1343 1036 exstructa,

247 1064 344 1141 qualia
359 1063 450 1123 Ludis
465 1064 589 1144 publicis
603 1063 761 1142 quotannis
775 1063 887 1122 fiebant
909 1061 1023 1133 Rornae,
1045 1073 1135 1140 atque
1153 1079 1189 1122 ea
1203 1063 1344 1140 perennia

247 1179 307 1219 non
321 1161 459 1220 fuerunt:
481 1161 539 1220 alia
553 1173 706 1220 sumtuose
721 1171 751 1219 et
765 1159 885 1230 nobilia,
909 1178 945 1218 ex
960 1157 1062 1218 solidis
1077 1161 1175 1230 rebus,
1190 1157 1291 1230 idest,
1306 1177 1343 1216 ex

248 1266 395 1316 structura
417 1269 638 1328 crementorum,
662 1256 760 1336 lapide
775 1269 827 1314 aut
841 1273 984 1314 marmore
997 1255 1170 1326 constituta,
1195 1253 1283 1332 quale
1298 1265 1346 1313 ert

247 1350 327 1428 quod
341 1353 506 1411 construxit
521 1349 565 1410 M.
581 1353 710 1411 Scaurus
725 1353 753 1410 in
766 1352 907 1410 aedilitate
919 1369 983 1420 sua,
994 1351 1063 1412 item
1075 1351 1163 1410 etiam
1174 1349 1344 1430 Pompeius,

247 1445 347 1506 etalii
370 1447 515 1525 permulti.
560 1448 605 1506 lta
629 1458 725 1507 autem
750 1447 946 1526 compositum
959 1446 1015 1506 fuit
1028 1447 1157 1527 antiquis
1171 1447 1344 1518 Theatrum,

248 1551 281 1600 ut
294 1561 330 1601 eo
344 1543 534 1617 conveniens,
558 1555 589 1602 et
612 1543 766 1603 commode
787 1543 896 1605 sedens
919 1543 1014 1614 turbe,
1040 1563 1057 1603 e
1079 1543 1242 1624 longinquo
1257 1544 1345 1604 facile

248 1651 381 1717 spectare
395 1652 506 1719 posset,
531 1659 663 1699 concavo
688 1641 854 1720 aequalique
876 1641 1020 1720 parietum
1035 1640 1235 1720 circumjectu,
1249 1651 1283 1699 nt
1297 1639 1344 1698 vel

248 1735 306 1794 leni
322 1754 395 1794 sono
410 1735 489 1796 dicta
503 1739 590 1796 verba
605 1736 642 1796 ad
658 1737 779 1797 alterum
795 1737 915 1798 Theatri
938 1749 1027 1818 caput
1050 1737 1168 1797 facilius
1188 1737 1343 1796 ferrentur.

249 1831 359 1892 Postea
379 1852 448 1892 vero
471 1834 668 1912 excogitatum
690 1845 737 1894 est
757 1835 915 1894 Theatrum
938 1835 968 1894 in
983 1833 1141 1894 rotundam
1155 1833 1277 1892 formam
1292 1851 1344 1892 ex·

249 1937 402 1999 structum,
413 1929 472 1986 alio
484 1928 576 1987 multo
587 1929 778 1989 excellentius
788 1941 876 2008 atque
887 1931 1037 2010 capacius,
1048 1930 1201 2008 magisque
1213 1937 1347 1988 sumtuo-

250 2041 332 2082 rum:
348 2022 428 2101 qnod
441 2025 510 2102 quia
524 2025 614 2084 veluti
629 2045 665 2084 ex
680 2025 796 2084 duobus
809 2037 959 2086 constaret
969 2027 1116 2097 Theatris,
1127 2024 1344 2104 rotundumque

250 2121 384 2198 figurant,
406 2139 465 2180 non
482 2121 544 2199 jam
559 2121 684 2202 amplius
700 2121 891 2202 hemicyclum
906 2121 1034 2194 referret,
1054 2125 1092 2182 ab
1106 2120 1136 2181 id
1152 2121 1345 2200 Amphithea-

249 2227 325 2274 trum
339 2213 450 2274 dictum
465 2227 520 2287 est,
541 2220 628 2296 quale
643 2230 699 2290 est,
720 2219 801 2297 quod
815 2217 902 2278 hodie
918 2219 1021 2278 Romae
1036 2216 1161 2290 ridetur,
1182 2216 1344 2295 aliquando

251 2311 288 2370 ab
303 2311 452 2370 Antonino
467 2312 521 2370 Pio
536 2313 724 2386 aedificatum,
741 2325 772 2374 et
790 2333 808 2374 a
822 2314 929 2374 Gothis
950 2313 1146 2385 devastatum,
1158 2313 1344 2390 (Gallianum

251 2407 358 2485 vulgus
372 2411 482 2482 vocat)
503 2407 582 2486 quod
600 2407 783 2486 potissimum
806 2407 844 2468 ad
865 2409 923 2469 alia
946 2411 1117 2490 spectacula
1129 2409 1219 2488 vulgo
1239 2427 1347 2488 propo-

251 2501 351 2561 nenda
363 2504 472 2562 factum
489 2515 577 2581 atque
593 2504 742 2564 inventum
758 2505 830 2565 fuit:
854 2525 921 2566 narn
945 2507 982 2565 ad
1006 2506 1146 2566 Scenicoa
1167 2503 1263 2564 Ludos
1278 2523 1347 2584 pro·

252 2597 429 2678 spiciendos,
454 2601 548 2682 magis
563 2600 700 2660 idoneum
714 2613 780 2662 erat
792 2603 970 2662 Theatrum:
993 2605 1031 2662 ob
1045 2623 1120 2681 quos
1139 2603 1285 2682 praecipue
1300 2601 1346 2658 in-

253 2707 369 2758 ventum
385 2696 475 2756 fuisse
488 2697 625 2757 credibile
647 2709 701 2760 est.
744 2700 830 2759 Unde
850 2699 934 2760 facile
957 2699 1142 2779 conjecerim,
1166 2699 1347 2772 Terentium,

252 2813 311 2872 quo
326 2805 455 2872 tempore
470 2795 593 2873 primurn
608 2796 760 2874 proposuit
774 2813 856 2854 ruam
877 2795 1034 2875 Hecyram,
1057 2795 1155 2874 egisse
1177 2794 1206 2854 in
1221 2793 1346 2874 Amphi·

251 2891 384 2950 theatro:
407 2909 496 2950 scena
511 2910 561 2970 per
574 2891 700 2950 medium
715 2892 808 2970 ipsius
822 2901 982 2961 exstructa,
1007 2901 1038 2952 et
1058 2889 1097 2949 ad
1119 2911 1209 2950 unum
1229 2899 1344 2949 tanturn

251 2985 446 3066 hemicyclum
461 2995 633 3065 spectante:
661 3005 726 3044 nam
743 2987 779 3046 ab
793 2995 920 3065 utroque
934 2985 1147 3065 Amphitheatri
1161 2983 1345 3044 semicirculo

253 3083 378 3162 spectari
398 3101 455 3140 non
479 3092 616 3160 poterant
629 3081 811 3141 Commdiae:
832 3101 892 3160 quo
914 3082 1035 3152 factum,
1059 3093 1101 3152 ut,
1124 3079 1195 3139 dum
1219 3079 1247 3138 in
1264 3079 1345 3140 aliud

251 3176 329 3236 latus
345 3197 479 3248 vacuum,
502 3178 561 3237 alia
582 3177 751 3257 spectacula
764 3177 919 3237 confestim
933 3185 1174 3260 proponerentur,
1189 3174 1277 3234 veluti
1292 3195 1348 3254 pu·

252 3271 337 3350 giles,
361 3272 532 3344 funambuli,
554 3283 585 3331 et
607 3271 774 3351 hujusmodi
799 3281 915 3340 cetera;
941 3271 1068 3352 populus
1091 3281 1169 3330 ante·
1182 3268 1347 3330 absolutam

254 3367 436 3426 Comoediam
464 3367 534 3427 illuc
561 3368 749 3439 concurrerit,
777 3368 815 3427 ad
842 3368 909 3428 loca
935 3366 1134 3427 commodiora
1161 3365 1348 3444 occupanda,

253 3463 500 3543 quemadmodum
523 3464 586 3544 ipse
605 3463 699 3524 Poeta
713 3464 912 3542 conqueritur,
934 3484 1027 3543 neque
1052 3473 1170 3543 propter
1184 3461 1347 3541 strepitum,

253 3571 283 3620 et
293 3559 443 3620 mulierum
456 3560 570 3620 deloco
583 3562 777 3642 pugnantium
786 3559 956 3633 ¹clamorem,
965 3561 1078 3620 absolvi
1093 3560 1229 3640 potuerit.
1257 3558 1346 3625 Quod

253 3676 289 3716 ne
304 3655 451 3718 accideret
464 3657 493 3715 in
509 3657 632 3737 publicis
646 3659 746 3730 Lndia,
757 3658 894 3718 existimo
907 3657 1092 3738 potissimum
1104 3657 1229 3716 movisse
1242 3655 1348 3714 Caium

254 3753 422 3826 Curionem,
443 3753 494 3833 qui
509 3753 587 3814 bello
601 3754 676 3814 civili
691 3755 720 3812 in
736 3754 914 3813 Caesarianis
929 3754 1059 3833 partibus
1073 3753 1154 3824 obiit,
1173 3761 1207 3811 ut
1219 3751 1349 3811 Theatra

253 3849 313 3910 duo
337 3849 446 3930 lignea,
470 3870 564 3930 eaque
586 3849 765 3930 amplissima
788 3849 979 3929 excogitaret,
1002 3849 1032 3907 in
1055 3848 1162 3928 quibus
1176 3847 1264 3907 etiam
1278 3845 1347 3904 duae

252 3959 354 4006 essent
368 3967 475 4018 scenae,
498 3957 616 4027 propter
637 3956 835 4026 spectatorum
850 3944 1099 4005 commoditatem.
1142 3943 1235 4002 Erant
1248 3953 1346 4001 autern

251 4042 345 4122 (quod
359 4044 463 4104 mirum
478 4043 545 4119 fuit)
566 4043 718 4103 cardinum
744 4043 925 4122 singulorum
948 4041 1076 4102 versatili
1100 4058 1244 4119 suspensa
1258 4039 1349 4100 libra-

252 4149 363 4212 mento,
384 4139 480 4218 inquit
501 4139 625 4212 Plinius,
646 4159 663 4199 e
685 4139 792 4218 quibus
811 4139 942 4218 utrisque
955 4137 1185 4199 antemeridiano
1199 4134 1348 4196 Ludorum

253 4236 425 4315 spectaculo
440 4235 520 4296 edito
535 4235 609 4295 inter
624 4255 655 4296 se
670 4235 780 4297 aversis
803 4240 853 4315 (ne
876 4236 999 4298 invicem
1018 4235 1223 4314 obstreperent
1236 4233 1348 4306 scena)
