3012 4892
495 381 630 432 vianna
657 381 703 430 na
726 381 915 432 conmori.
1208 371 1252 436 53

150 537 208 586 tea.
250 524 389 604 Deniqm
403 543 455 604 per
466 542 526 586 non
538 523 625 584 tritas
639 521 757 584 dicendi
782 524 892 602 ligures
911 525 1087 603 elegantiam
1111 526 1247 606 alicujus,

152 631 203 680 aut
215 619 290 680 rude
302 619 455 699 ingenium
468 619 674 699 exprimentes,
697 619 842 680 theatrum
857 638 944 680 omne
957 619 1016 682 risu
1030 620 1251 687 didirndebaut.

150 717 258 776 Verum
273 716 340 778 hoec
354 717 492 778 universa
505 715 588 776 nihili
602 734 813 795 nonnunquam
830 727 924 788 erant,
945 716 1001 776 nisi
1015 735 1116 778 rocam
1132 717 1249 780 histrio·

148 832 201 874 aes
225 811 355 888 siugulis
377 811 582 874 adhibuissent
603 811 876 872 accommodatam:
898 811 1137 892 quandoquidem
1151 817 1247 876 omnis

146 907 311 970 oblectatio
324 909 486 970 Commffloe
500 908 713 989 propemodum
727 910 756 968 in
769 910 888 970 actione
903 908 1049 970 consistit.
1093 911 1250 972 Hactenus

146 1015 248 1068 autem
263 1025 333 1085 quea
345 1005 484 1078 diximus,
497 1005 576 1066 bono
590 1006 687 1066 omine
701 1005 882 1084 procedant:
905 1026 942 1066 ne
955 1005 1037 1084 (licet
1057 1008 1127 1068 huie
1147 1008 1247 1070 libello

145 1099 185 1162 de
212 1101 364 1182 perplexis
390 1101 468 1162 adeo
490 1101 704 1181 <punitionibus
726 1103 908 1182 propositam
931 1121 991 1162 noo
1015 1102 1055 1162 sit
1081 1102 1248 1184 disputare)

146 1197 234 1256 nimis
248 1198 345 1258 multa
358 1215 425 1258 esse
439 1195 604 1258 videantur.

186 1293 219 1352 Si
240 1292 378 1354 funditus
394 1293 506 1354 Latina
521 1292 685 1354 Comoedisa
699 1313 816 1372 quares
840 1295 1004 1374 perspicere
1026 1293 1247 1356 conditionem:

145 1389 278 1468 inprimis
292 1389 358 1468 ejus
371 1388 512 1468 originem
527 1407 580 1468 par
591 1407 657 1450 esse
670 1388 794 1448 arbitror
806 1407 866 1448 non
881 1389 1035 1468 ignorare:
1049 1389 1160 1470 quippe
1174 1409 1242 1450 oum

146 1485 185 1545 ad
199 1504 256 1544 nos
270 1505 288 1546 e
304 1485 413 1546 Grmeo
426 1485 509 1546 fonte
521 1483 654 1546 derivata
665 1504 717 1564 per
731 1485 850 1544 latinns
864 1485 950 1564 qussi
968 1483 1105 1546 traduces
1123 1503 1244 1548 emana-

145 1581 193 1640 rit.
236 1581 272 1640 ln
287 1581 429 1642 Veterum
443 1581 542 1662 itaque
566 1581 673 1645 fabulis
695 1582 826 1661 quinque
848 1580 1001 1660 perhibent
1019 1600 1085 1642 esse
1105 1581 1244 1642 differen-

145 1677 212 1748 tias,
227 1689 394 1758 temporum
408 1678 532 1750 scilieet,
553 1677 632 1758 styli,
654 1677 795 1748 materie,
817 1697 1014 1750 numerorum,
1027 1690 1058 1739 et
1071 1691 1243 1759 apparatus.

145 1773 241 1834 Nobis
261 1774 352 1853 igitur
372 1783 507 1854 tempora
529 1773 798 1848 considerantibus,
818 1775 875 1834 tria
896 1773 1111 1834 Gomndisrum
1133 1793 1244 1854 genera

145 1889 210 1931 sese
225 1869 355 1931 offmnnt
366 1869 587 1951 distinguenda.
629 1871 758 1932 Primum
772 1873 849 1932 enim
863 1880 920 1942 est,
933 1869 1013 1949 quod
1028 1888 1088 1930 una
1101 1889 1168 1930 eum
1184 1871 1241 1932 Pe·

143 1965 386 2044 loponnesiorum
398 1969 529 2047 imperio,
543 1969 714 2042 Susarione,
724 1969 770 2030 sel
784 1967 958 2028 Sannirioue
968 1966 1067 2027 floruit
1077 1966 1239 2030 inventore.

144 2062 291 2133 Alterum,
309 2062 390 2143 quod
404 2065 443 2124 ab
455 2063 599 2144 impositis
613 2085 666 2145 per
680 2063 920 2125 Lacedaemonios
934 2061 1158 2123 Atheniensium
1177 2081 1241 2124 cer·

144 2157 259 2219 vicibus
272 2157 394 2238 triginta
406 2160 492 2238 quasi
501 2160 577 2240 jugo
591 2159 723 2241 tyrannis
737 2159 776 2220 ad
791 2167 908 2220 atatem
922 2177 1017 2238 usque
1031 2158 1158 2239 Philippi
1173 2157 1241 2218 Ma·

145 2253 267 2314 mdouis
287 2267 336 2316 est
356 2267 563 2338 propagatum,
587 2255 725 2318 videlieet
747 2275 800 2336 per
822 2274 916 2316 annos
938 2255 1054 2330 circitor
1075 2254 1240 2332 sexaginta.

145 2349 286 2424 Tertium,
307 2349 389 2430 qood
410 2352 449 2412 ab
463 2351 622 2412 Alexandri
643 2353 822 2432 temporibus
835 2349 911 2412 adeo
925 2350 1053 2412 faustum
1068 2349 1173 2410 sumsit
1185 2349 1241 2408 ini·

145 2446 227 2517 tium,
248 2457 283 2506 ut
301 2446 389 2506 &am
412 2465 432 2506 a
452 2447 565 2510 habais
588 2449 619 2507 in
639 2449 797 2529 prasentia
817 2445 989 2508 celebretur.
1031 2445 1240 2506 Verumtamen

145 2562 201 2622 ego
215 2541 400 2602 Gomoedism
419 2542 558 2605 Graecum
580 2563 647 2605 essa
667 2543 818 2603 inventum
838 2541 958 2603 minime
982 2541 1122 2602 arbitror:
1144 2557 1241 2620 neqtoe

145 2641 190 2715 (ut
202 2636 333 2698 Thomas
348 2635 504 2718 Magister,
526 2649 557 2700 et
570 2658 637 2699 eum
652 2638 755 2711 secuti,
779 2637 915 2698 ridentur
936 2638 1096 2712 aestimare)
1109 2637 1146 2697 ab
1160 2637 1240 2716 agri·

145 2733 218 2794 colis
232 2733 340 2794 cisium
360 2734 481 2814 injurias
495 2737 742 2816 conquerentibus
756 2755 822 2796 esse
836 2734 1008 2794 derivatam.
1050 2733 1117 2792 Hoc
1130 2747 1238 2810 nempe

145 2847 266 2892 eausam
279 2829 458 2910 asperitatis,
470 2840 501 2892 et
508 2831 673 2912 jurgiorum
688 2833 718 2891 in
732 2830 832 2892 Veteri
846 2829 1000 2888 Comoedia
1012 2826 1127 2888 reddit:
1148 2843 1238 2906 quam

145 2943 211 2984 mos
225 2924 282 3003 ipsi
295 2923 384 3004 longa
398 2923 485 2985 almm
498 2945 565 2986 esse
579 2926 770 2987 docebimus:
785 2943 882 3004 neque
896 2921 1012 2984 ridetur
1021 2922 1189 3002 quicquam,
1204 2931 1239 2982 ut

145 3040 219 3092 reor,
232 3019 273 3080 ad
288 3019 450 3081 Comoediar
470 3021 629 3103 primordia
641 3022 806 3103 pertinere:
827 3019 966 3099 quonism
985 3017 1131 3098 Orpheus,
1149 3035 1238 3098 quam

144 3126 262 3178 constat
284 3136 338 3198 per
361 3125 480 3177 eentum
505 3117 629 3198 amplius
653 3136 748 3178 annos
775 3127 845 3177 ante
869 3113 989 3194 Trojani
1013 3113 1082 3174 belli
1105 3124 1238 3194 tempora

144 3212 263 3283 risisse,
290 3213 348 3272 sub
370 3211 570 3274 Laomedonte
595 3213 720 3285 scilicet,
745 3231 780 3272 ac
802 3211 927 3272 Athenis
949 3211 1042 3290 AEgeo
1064 3211 1236 3290 imperante,

144 3307 256 3369 bacehi
278 3309 419 3389 mysteria
439 3311 478 3370 ab
492 3309 638 3390 Egyptiis
651 3309 758 3370 tralata
771 3309 833 3368 auis
847 3305 1064 3368 thracensibus
1086 3305 1236 3366 indicarit.

144 3405 234 3483 Atqui
251 3403 424 3478 Commdisa,
442 3403 690 3484 quemadmodum
711 3403 789 3465 idem
804 3402 908 3464 asserit
920 3401 1060 3474 Thomas,
1074 3401 1149 3462 veris
1162 3411 1237 3460 tem·

142 3519 212 3580 pore
237 3499 268 3559 in
290 3499 526 3561 Raeebanulibua
548 3501 722 3580 agebantur.
764 3498 851 3560 Unde
874 3497 963 3559 etiam
985 3496 1065 3577 apud
1085 3495 1236 3555 Romanos

143 3615 193 3656 ara
207 3595 312 3656 hibero
326 3595 402 3674 patri
417 3615 503 3656 sacra
515 3597 545 3656 in
566 3595 670 3658 dextm
689 3595 779 3656 latera
804 3613 912 3667 seeum,
933 3591 1181 3674 quemadmodum
1196 3591 1237 3650 ait

143 3691 292 3764 Donatus,
305 3691 352 3753 sel
366 3691 536 3766 orchestrae,
549 3703 583 3752 ut
596 3691 712 3764 Pollux,
727 3711 841 3772 semper
854 3691 1029 3771 erigebatur,
1048 3687 1129 3767 quod
1144 3685 1236 3746 maxi-

142 3806 221 3848 mum
236 3797 286 3848 est
299 3797 516 3867 argumentum,
534 3807 553 3848 a
567 3787 676 3850 Bacchi
689 3787 835 3869 mysteriis
849 3805 935 3848 omne
950 3783 1126 3845 Fabulamm
1140 3797 1236 3860 genus

129 3876 206 3944 'esse
221 3883 419 3964 depromtum.
460 3885 495 3945 ld
519 3885 659 3946 Hnratius
681 3885 787 3956 innuit,
809 3903 877 3946 cum
891 3885 1086 3960 spmtatmm
1100 3887 1130 3938 et
1144 3876 1235 3936 sacris

142 3981 286 4054 iunctum,
308 3993 341 4042 et
357 3992 460 4060 potum
479 3981 618 4061 appellat.
660 3981 780 4042 Pareat
800 3979 888 4058 igitur
906 3973 1049 4044 arbitrari,
1069 3973 1162 4052 prima
1176 3971 1236 4034 00-

141 4076 256 4138 mmdisa
271 4078 386 4138 semina
399 4097 451 4156 par
462 4077 612 4160 Orpheum
624 4079 661 4138 ab
672 4079 802 4158 AEgypto
812 4075 842 4136 in
854 4071 1000 4132 Graeciam
1014 4067 1105 4128 luisse
1119 4067 1234 4130 deleta:
1348 4095 1353 4104 ·

142 4173 218 4235 ande
233 4173 390 4254 complura
410 4193 471 4235 nou
493 4175 631 4257 Orpheus
648 4174 749 4248 modo,
769 4187 870 4234 verum
890 4178 921 4230 st
942 4165 992 4228 alii
1013 4165 1235 4228 transtulerunt.
