2948 4890
374 411 422 460 nn
444 412 595 462 oouross
620 411 933 462 nsssusronraus.
1123 401 1188 468 155

95 566 198 638 presto,
212 555 331 615 duobus
345 551 482 631 dactylis,
503 564 534 612 et
557 563 705 632 postremo
719 553 828 612 iambo.
870 553 913 612 lbi
928 563 1036 616 temere
1049 557 1188 618 transfert

96 653 238 733 syllabam
263 649 410 708 inferioris
434 648 465 706 in
487 649 686 726 superiorem:
721 659 825 708 contra
849 648 951 710 debuit
975 651 1131 712 transferre
1157 653 1186 712 in

97 749 224 826 Hecyra,
248 763 344 822 neque
367 743 533 802 transtulit:
565 741 659 810 ‘Quae
682 741 749 802 dieo
770 745 1005 824 parvipendant:
1032 767 1118 826 porro
1131 748 1188 808 boe

93 843 219 924 jurgium
248 839 288 900 nd
316 839 455 910 Uxorem,
490 837 555 898 haec
588 839 673 918 cujus
695 840 771 900 fiunt
794 840 917 901 consilio
944 843 1069 902 omnia:'
1112 845 1189 904 sicut

99 938 327 1017 inteq'eotionem
343 953 461 1014 quoque
483 933 585 994 debuit
609 935 754 996 ascribere
768 937 856 1016 priori
871 939 966 998 versui
989 939 1017 996 in
1034 939 1190 1019 Adelphis,

99 1047 130 1095 ut
142 1035 186 1096 sic
200 1034 365 1109 legeretur:
397 1031 502 1111 ‘Syre,
519 1042 733 1110 preceptorum
755 1031 861 1110 plenus
883 1033 1003 1092 istorum
1028 1033 1097 1094 ille:
1118 1035 1189 1116 pby,

99 1133 186 1191 Domi
212 1129 316 1188 babuit
338 1127 418 1188 unde
440 1127 584 1187 disceret:
620 1127 653 1186 fit
678 1124 804 1187 sedulo.’
845 1127 1038 1188 Restituisset
1056 1129 1144 1190 etiam
1160 1134 1188 1190 in

101 1228 224 1306 Hecyrae
240 1243 325 1284 versu
341 1225 471 1294 verbum,
484 1233 518 1282 ut
531 1221 571 1281 sit
584 1223 779 1302 septenarius,
792 1239 828 1281 ac
839 1243 892 1302 par
905 1224 1011 1302 priori:
1033 1225 1092 1284 sic:
1115 1227 1190 1288 ‘'l'e·

100 1343 163 1384 cum
177 1323 327 1382 serantur:
350 1318 428 1379 dixi:
451 1319 492 1377 ita
506 1327 539 1378 ut
548 1317 637 1396 jubes
648 1318 764 1390 faciem,
778 1319 882 1399 pater.'
924 1319 989 1379 Non
1005 1320 1093 1381 debet
1106 1323 1191 1382 errati

101 1419 211 1482 censeri
231 1417 299 1477 loco
321 1415 395 1476 illud
418 1415 448 1473 in
472 1413 587 1474 Andria
609 1434 645 1476 eo
665 1434 772 1475 versu:
804 1415 869 1475 ‘Tu
892 1436 952 1476 ren:
966 1417 1147 1497 impeditam,
1161 1431 1192 1480 st

101 1513 243 1594 perditam
267 1509 430 1572 restituasi
460 1509 529 1568 heus
552 1529 613 1588 quo
637 1511 729 1570 fretus
753 1511 830 1572 sim!
885 1513 919 1571 ln
944 1513 1191 1590 quodieit,bem,

103 1621 184 1670 extra
195 1625 313 1669 versum
341 1607 378 1664 ab
397 1604 455 1664 alio
479 1603 613 1665 a'dditum
638 1606 756 1686 potius:
787 1625 875 1686 quarn
894 1607 1057 1688 posituma
1078 1608 1191 1670 Poiits:

103 1725 166 1766 cnm
180 1715 280 1765 tamen
295 1699 400 1760 mutila
418 1702 456 1760 sit
470 1701 532 1760 sine
553 1719 589 1760 eo
603 1701 768 1760 sententia:
794 1711 824 1760 et
845 1701 961 1762 sibilum
975 1701 1045 1763 elidi
1058 1703 1192 1765 ridemus

104 1801 187 1862 etiam
201 1801 232 1860 in
258 1797 359 1860 multis
382 1795 465 1856 locis.
507 1795 557 1856 Sic
571 1795 713 1856 audacter
737 1795 824 1856 nimis
844 1797 938 1858 aufert
950 1799 1082 1872 verbum,
1095 1801 1193 1878 cupio,

104 1916 137 1956 ex
150 1896 202 1957 illo
224 1892 383 1954 Eunuchi:
413 1891 530 1970 ‘Cupio
554 1890 669 1970 aliquos
689 1911 791 1972 parare
812 1893 922 1954 amieos
943 1893 1085 1954 beneficio
1108 1895 1195 1958 meo!

105 1993 176 2054 Cum
190 2003 292 2052 tamen
306 1987 489 2050 commodius
502 1988 641 2048 eximeret
654 2007 756 2048 vocem
771 1999 952 2068 sequentem,
977 1991 1040 2051 sine
1054 1991 1115 2052 ullo
1128 2011 1193 2053 ear·

105 2088 187 2148 minis
200 2088 390 2158 detrimento,
403 2086 490 2146 etiam
505 2085 654 2146 sententia
674 2085 851 2146 rotundiore.
892 2085 952 2147 Sed
971 2097 1022 2148 aut
1041 2087 1080 2147 sit
1092 2107 1195 2169 proce·

105 2185 294 2246 lensmaticus
318 2183 429 2262 primus
451 2201 515 2262 pes,
537 2191 567 2242 et
587 2182 661 2242 alter
687 2181 922 2262 amphimacrus:
955 2195 1007 2244 aut
1033 2205 1195 2265 pronomen

107 2281 325 2359 possessivum:
346 2278 427 2358 quod
450 2287 600 2357 postremo
624 2278 654 2338 in
681 2277 747 2340 loco
769 2289 826 2352 est,
845 2279 1017 2340 demittatur
1035 2281 1065 2339 in
1079 2299 1194 2342 versum

107 2375 229 2437 alterum
244 2376 485 2454 subsequentem,
499 2374 550 2452 qui
563 2372 753 2434 nihilominus
775 2374 814 2435 sit
828 2375 978 2436 senarius:
999 2377 1061 2436 sic:
1084 2375 1195 2436 ‘Meoz

107 2469 135 2529 id
148 2471 265 2542 amabo,
291 2469 393 2548 adjuta
406 2487 463 2540 me,
478 2487 537 2549 quo
561 2467 591 2528 id
606 2469 659 2530 liat
671 2469 808 2531 lucilius!
848 2469 936 2546 Nem,
950 2471 1075 2544 facilius,
1090 2471 1194 2533 endem

108 2567 193 2628 modo
217 2565 405 2646 trisyllabum
428 2575 484 2636 est,
510 2583 581 2643 quo,
602 2565 712 2643 potius,
737 2565 925 2646 bisyllabum.
977 2568 1077 2648 Eligat
1099 2577 1197 2628 autem

107 2660 207 2734 lector,
221 2660 305 2740 qnod
318 2661 411 2739 magis
425 2659 481 2718 erit
504 2679 541 2718 ex
566 2659 654 2718 animi
675 2659 835 2720 sententia:
858 2661 1096 2741 quandoquidem
1109 2663 1197 2722 etiarn

109 2757 186 2836 apud
200 2757 381 2827 Lucretium,
394 2755 485 2828 aliud,
498 2755 541 2814 ita
560 2754 738 2834 bisyllabum
758 2755 912 2834 accipitur,
932 2767 966 2816 ut
979 2755 1076 2816 cauda
1089 2755 1199 2835 dactyli

110 2853 156 2914 sit.
186 2852 320 2932 iniquior
334 2851 389 2912 luit
410 2851 453 2910 illi
472 2851 570 2911 versui
593 2869 630 2910 ex
645 2851 773 2931 Hecyra,
788 2869 824 2910 ex
838 2869 908 2930 qno,
931 2850 1013 2924 dum,
1027 2850 1199 2932 particulam

110 2947 286 3028 expletivum
299 2946 423 3007 exemit:
448 2946 498 3026 qui
522 2957 704 3006 tamencum
725 2946 926 3025 sequentibus,
949 2965 1075 3026 cumque
1089 2967 1201 3026 praece·

111 3041 247 3104 dentibus
262 3041 429 3102 octonarius
443 3041 501 3102 sit:
531 3041 640 3102 ‘Mane
655 3040 726 3100 dum
741 3041 847 3102 sodes:
868 3041 968 3113 timeo,
988 3061 1025 3101 ne
1047 3041 1126 3100 aliud
1138 3061 1201 3102 cre·

111 3139 190 3212 dem,
204 3151 295 3218 atque
309 3139 391 3198 aliud
405 3139 543 3200 nunties!
574 3137 640 3198 Hoc
654 3137 693 3196 ibi
707 3157 774 3198 cum
788 3137 902 3208 adimit,
915 3139 957 3198 ita
969 3138 1038 3198 alibi
1049 3157 1134 3218 mque
1148 3139 1201 3198 im·

111 3246 237 3314 portune
252 3235 338 3296 addit
351 3235 389 3296 de
403 3256 476 3296 suo:
498 3246 532 3294 ut
545 3235 583 3294 ad
598 3255 664 3296 eum
679 3255 794 3295 versum
814 3253 851 3294 ex
866 3235 1029 3296 Eunucho:
1051 3235 1127 3296 ‘Par
1140 3237 1202 3316 pari

108 3331 228 3405 referto,
254 3331 333 3411 qnod
358 3351 421 3390 eam
447 3330 600 3392 mordeat!
641 3331 734 3390 Modo
757 3329 852 3402 addit,
877 3350 975 3399 nunc:
996 3331 1095 3404 modo,
1116 3349 1203 3398 mox:

112 3428 211 3498 modo,
226 3427 288 3494 sie:
310 3426 399 3486 ruodo
413 3427 513 3486 nescio
527 3425 610 3506 quid.
653 3427 717 3506 Ego
730 3446 800 3486 vero
814 3425 886 3485 nibil
907 3427 1120 3488 immutandum
1134 3445 1204 3488 een·

112 3541 163 3582 seo
176 3523 216 3582 de
237 3523 364 3582 consilio
387 3521 507 3582 Poiitoe:
529 3523 578 3600 qui
602 3521 747 3601 integrum
768 3523 963 3602 proverbium,
984 3524 1062 3584 sieut
1082 3523 1205 3584 circum·

112 3617 270 3688 serebatur,
292 3617 333 3676 ita
355 3617 522 3680 interseruit
544 3616 692 3678 trochaico
710 3626 827 3678 tractu:
849 3637 939 3698 quare
952 3619 1093 3680 audacius
1108 3617 1207 3691 etiam,

112 3713 290 3788 remordeat,
320 3717 506 3794 suppositum
529 3724 585 3774 est.
639 3713 725 3784 Nam,
747 3711 772 3771 si
795 3713 866 3792 quid
891 3712 996 3786 addas,
1022 3733 1122 3773 sersus
1147 3733 1206 3774 non

110 3821 251 3870 constet:
274 3809 299 3869 si
321 3811 393 3870 nihil
417 3808 522 3882 addas,
543 3809 582 3868 ad
606 3807 843 3869 concinnandum
864 3809 1044 3868 trochaicum
1067 3807 1138 3867 nihil
1162 3820 1209 3868 est

113 3925 200 3985 opus.
244 3905 284 3966 Et
298 3926 357 3966 non
372 3905 467 3966 solum
480 3905 537 3966 hoc
552 3907 687 3984 exemplo
702 3907 731 3963 in
752 3905 887 3964 omnibus
912 3903 1019 3983 legitur
1038 3904 1209 3982 exemplari·

113 4000 179 4073 bus,
201 4001 258 4062 sed
282 4001 371 4060 etiam
397 4003 500 4062 eadem
522 4001 580 4062 fide
601 4001 755 4061 recitatum
777 4019 795 4058 a
816 3999 958 4060 Cicerone
980 4001 1009 4060 in
1032 3999 1157 4079 epistola
1170 4000 1208 4059 ad

113 4095 284 4156 Lentulum.
334 4097 443 4156 Verum
468 4097 603 4176 apposuit
625 4095 686 4175 pari
712 4093 838 4154 audacia
862 4093 1041 4168 adverbium,
1067 4115 1156 4168 nunc,
1180 4101 1209 4160 ei

112 4193 229 4266 serapi:
246 4193 330 4254 ‘Alio
343 4203 430 4276 pacto
444 4193 568 4256 honeste
579 4212 637 4274 quo
650 4191 737 4254 modo
749 4191 817 4253 hinc
828 4193 940 4267 abeam,
953 4193 1074 4258 nereio:
1103 4194 1208 4276 Neque
