3012 4892
258 401 302 472 52
588 409 725 460 visson
750 409 798 457 nn
821 405 1014 457 coumnrs.

258 569 365 620 natura
377 553 537 628 desiderat,
550 551 660 633 duplici
674 571 704 612 ss
719 551 823 611 latim
836 549 957 629 quidem
970 553 1138 620 annotatur,
1153 545 1241 606 sicuti
1254 548 1351 625 prbis·

258 659 344 727 eree,
367 651 541 734 philippisso
555 661 611 710 est.
654 649 699 708 lta
713 644 839 729 suppdln
853 645 939 724 qussi
952 640 1130 724 κυμαὲμδία,
1151 639 1286 700 videlicet
1300 657 1352 700 co-

258 749 449 812 messantium
471 747 621 806 hominum
638 743 796 806 cantilena.
837 741 913 810 Quas
927 741 1100 800 Graecorum
1112 747 1144 798 et
1157 735 1269 796 Donati
1283 755 1353 796 sen·

258 847 352 909 tantia
364 845 488 906 maxime
510 842 627 922 placen
648 861 714 902 cnm
737 838 900 919 praesertim
914 835 1105 898 doctissimus
1120 833 1245 912 quisque
1259 830 1354 890 latea-

259 952 307 1004 tur
320 943 350 1002 in
365 941 552 1020 Dionysiacis
565 937 828 1000 comessationibus
842 935 873 996 id
895 953 990 1015 genus
1004 930 1148 1013 po'e'matis
1164 949 1183 990 a
1195 927 1352 988 Veteribus

258 1038 350 1099 luisse
363 1038 552 1100 celebratum.
595 1036 619 1096 li
633 1053 702 1094 vero
715 1033 785 1093 mihi
799 1033 880 1092 nullo
894 1042 983 1112 pacto
997 1024 1125 1090 blandiri
1138 1035 1274 1106 possunt,
1299 1024 1353 1102 qui

258 1153 367 1194 nomen
380 1132 437 1194 hoc
448 1132 504 1192 ἀπὸ
518 1142 574 1192 νῦν
584 1141 680 1202 κωμῶν
692 1129 822 1190 derivare
833 1126 1028 1198 contendunt,
1039 1123 1178 1203 quoniam
1189 1119 1354 1182 Athenien·

260 1249 307 1290 ses
321 1227 414 1308 (apud
427 1245 503 1308 quos
517 1237 616 1286 natam
630 1227 700 1298 lere,
715 1235 746 1286 et
759 1237 876 1286 auctam
891 1242 958 1284 esse
975 1218 1158 1281 Comoediam
1179 1234 1267 1278 nemo
1288 1233 1353 1274 aur·

258 1323 345 1404 bigit)
368 1323 470 1405 hripum
492 1333 646 1394 vocarunt,
672 1341 740 1400 quse
768 1321 806 1380 ab
831 1319 896 1380 aliis
921 1328 1010 1397 κῶμαι
1033 1316 1159 1376 luissent
1182 1311 1352 1392 appellata.

261 1419 417 1482 Enimvero
431 1420 504 1480 illud
521 1440 610 1480 unum
624 1419 694 1478 mihi
708 1419 858 1497 negotium
873 1416 954 1488 lacit,
978 1435 1014 1476 ne
1029 1413 1141 1474 scilicet
1156 1410 1280 1470 Comum
1294 1409 1353 1470 dri

259 1524 315 1574 rus
329 1527 426 1594 κωμῶν
447 1515 563 1574 Graecia
584 1514 708 1574 dixerit:
729 1511 978 1594 quemadmodum
1000 1508 1126 1570 Romani
1149 1505 1353 1567 Fomacalism

260 1611 384 1671 servatis
399 1613 436 1672 ab
450 1610 588 1672 incendio
602 1611 718 1670 coluere
733 1608 921 1668 lomacibus:
943 1617 974 1668 et
998 1605 1156 1684 Robigum,
1180 1601 1242 1662 sire
1259 1601 1353 1660 Rubi·

259 1705 369 1785 ginem,
384 1717 472 1785 atque
487 1705 559 1766 alins
574 1705 750 1785 complures,
774 1723 792 1762 a
815 1703 923 1782 quibus
942 1711 1105 1782 praeessent
1117 1699 1205 1760 rebus
1220 1697 1353 1776 appella-

259 1821 339 1862 vere.
368 1801 535 1880 Utcumque
549 1811 647 1860 tamen
663 1818 729 1860 sese
742 1819 787 1860 res
801 1799 921 1871 habeat,
934 1801 998 1875 sapi
1012 1799 1043 1858 rb
1054 1795 1196 1874 κυμᾶξειν
1209 1792 1353 1872 appellari

261 1895 444 1955 Comoediam
459 1897 571 1956 affirmo
584 1915 592 1954 :
613 1895 764 1974 quoniam,
785 1893 842 1954 etsi
855 1897 917 1971 περὶ
930 1897 979 1956 rbr
992 1899 1083 1971 κώμας
1096 1889 1212 1952 dicatur
1225 1891 1240 1948 ὁ
1255 1900 1353 1966 κῶμος,

259 1999 359 2050 minen
374 1991 410 2050 ab
424 2009 460 2051 eo
473 1993 505 2052 sd
519 1991 671 2067 κωμᾶἓειν,
692 1988 773 2049 unde
786 1989 912 2070 suppiles
925 1988 1010 2067 quasi
1027 1988 1215 2067 remetitur
1227 1984 1284 2066 pide)
1297 2003 1354 2045 no·

259 2085 397 2146 minatur.
425 2087 533 2146 Verum
548 2106 584 2146 ex
598 2086 663 2166 ipso
672 2085 735 2166 jam
748 2085 866 2146 nomine
880 2083 975 2164 patuit
987 2101 1123 2162 quaenam
1137 2080 1268 2141 definitio
1282 2101 1353 2160 pos-

260 2179 299 2239 sit
322 2179 484 2250 Comcediae
509 2183 676 2256 convenire,
703 2184 810 2262 po‘e'ma
837 2181 950 2242 scilicet
973 2173 1177 2239 demulcendis
1201 2176 1351 2238 hominnm

258 2277 418 2350 mentibus,
439 2277 681 2357 excutiendisque
704 2277 890 2356 potissimum
915 2274 1067 2336 cachinnis
1088 2270 1353 2336 accommodatum.

260 2369 328 2430 Hoc
343 2371 436 2432 innuit
449 2373 602 2452 Virgilius,
615 2383 646 2432 et
657 2371 700 2432 illi
713 2373 898 2444 Graecorum,
911 2367 962 2450 qni
974 2368 1104 2434 Θάλειακ
1118 2367 1237 2426 Musam
1251 2367 1352 2426 Comi-

260 2464 303 2524 cis
316 2465 473 2544 praesidere
487 2469 665 2527 cecinerunt.
698 2469 773 2536 Quae
787 2465 910 2538 scilicet,
923 2464 1037 2524 festivis
1050 2462 1200 2544 pullulans
1208 2461 1296 2541 jocis,
1311 2463 1351 2524 ad

258 2559 349 2620 risum
374 2581 468 2641 usqne
493 2563 630 2624 delectet.
672 2563 738 2623 lloc
762 2563 851 2622 etiam
876 2560 1049 2620 Aristoteles
1071 2559 1281 2638 comprobavit,
1305 2561 1352 2619 in·

259 2654 375 2732 quiens,
401 2656 483 2735 quod
510 2657 541 2716 in
564 2657 745 2736 turpitudine
768 2655 923 2717 ridiculum
945 2665 1002 2728 est,
1029 2653 1210 2714 Comoediam
1234 2653 1351 2715 imitari.

259 2750 507 2832 Quandoquidem
521 2753 594 2813 illud
616 2754 746 2833 inprimis
761 2755 856 2834 po'etaa
870 2753 958 2812 rebus
971 2761 1002 2812 et
1015 2751 1111 2812 verbis
1126 2752 1239 2812 efficere
1260 2770 1351 2812 cona-

224 2919 226 2927 γ
258 2845 385 2905 bantur:
407 2847 472 2926 ipsa
495 2847 613 2926 quidem
638 2869 668 2908 re
692 2849 833 2922 bilariam,
855 2845 993 2908 videlicet
1004 2846 1052 2906 sel
1066 2847 1204 2926 opinione
1218 2865 1281 2920 sna,
1303 2849 1350 2908 vel

259 2937 378 3001 alterius
392 2946 582 3021 persuasione
604 2945 746 3023 deceptas
768 2943 909 3022 lingendo
929 2961 1091 3023 personas:
1113 2941 1221 3003 deinde
1241 2962 1351 3022 magns

258 3036 386 3106 nomina,
398 3037 445 3096 vel
460 3037 541 3098 Deos
552 3039 717 3098 mortalium
728 3039 883 3116 postremis
895 3037 1111 3117 componendo,
1124 3039 1211 3100 sicuti
1225 3037 1349 3100 Plautus

257 3127 288 3184 in
312 3129 522 3210 Amphitryone
546 3133 724 3194 Mercurium
749 3134 868 3195 simulat
892 3153 978 3214 agere
995 3125 1137 3195 Sosiam:
1166 3135 1214 3196 vel
1236 3147 1349 3208 contra,

259 3223 506 3302 quemadmodum
520 3229 549 3286 in
565 3227 657 3286 Ranis
677 3228 881 3308 Aristophanis
905 3229 1019 3289 Fabula
1033 3229 1179 3290 Xanthias
1196 3229 1254 3290 vile
1266 3248 1349 3289 nran-

258 3318 365 3397 cipium
381 3319 538 3381 Herculem
560 3322 633 3400 agit.
674 3323 836 3384 Verborum
860 3335 958 3384 autem
982 3325 1078 3386 modis
1102 3335 1214 3404 septem
1236 3325 1349 3384 Comici

258 3415 334 3473 risus
348 3416 536 3478 excitabant:
559 3419 603 3478 vel
618 3419 730 3480 scibcet
744 3420 829 3499 plura
843 3421 1012 3499 significans
1027 3421 1146 3482 verbum
1160 3430 1348 3499 usurpantes,

257 3511 338 3589 quod
352 3514 535 3590 grammatici
555 3513 658 3574 dicunt
672 3517 852 3594 dpusuptus:
874 3516 921 3576 vel
936 3515 1021 3594 plura
1035 3515 1257 3594 significationis
1270 3516 1349 3595 ejus-

259 3606 335 3678 dem,
349 3605 429 3684 quod
444 3618 550 3668 vocant
565 3611 761 3686 assumptus:
783 3609 829 3669 rel
846 3611 994 3689 proprium
1009 3611 1129 3689 aliquod
1143 3610 1280 3671 ludentes
1294 3631 1348 3672 no·

258 3722 324 3762 men
347 3701 523 3782 etquidem
545 3705 667 3778 ratione,
688 3725 747 3784 qua
769 3725 824 3766 nos
845 3705 992 3766 interdurn
1017 3703 1201 3766 ‘oratorem’
1222 3707 1346 3768 dicimus

258 3797 442 3871 ‘aratorem’
454 3798 535 3876 quod
549 3799 591 3858 illi
601 3810 776 3879 nuncupant
786 3808 979 3881 παρωνυμίαν,
990 3801 1037 3860 vel
1048 3802 1152 3862 eadem
1165 3803 1275 3881 saepius
1286 3823 1347 3862 non

256 3895 410 3952 invenuste
431 3894 600 3973 repetendo,
622 3894 701 3973 quod
724 3895 875 3974 appellant
896 3895 1091 3976 ἀδολεσχίανε
1113 3897 1278 3978 cujusmodi
1300 3909 1348 3958 est

256 3987 329 4048 illud
345 3990 509 4049 Ennianum
522 3991 560 4050 ab
574 3990 650 4051 suro
664 3991 762 4051 Gellio
776 3991 909 4065 citatum,
924 3993 972 4051 ubi
988 3995 1107 4054 verbum
1122 3993 1178 4054 hoc
1205 3994 1350 4054 ‘frustra'

257 4094 289 4141 et
301 4088 309 4115 ‘
319 4083 472 4158 frustrari,'
485 4084 583 4146 decies
597 4085 701 4148 eodem
715 4085 781 4146 loco
795 4086 976 4148 inculcatur:
991 4087 1038 4147 uel
1052 4088 1231 4168 aspernandi
1246 4089 1346 4150 studio

257 4176 427 4240 diminutiva
440 4180 618 4241 formantes:
641 4182 686 4242 vel
708 4181 835 4260 aliquam
859 4183 939 4244 haud
960 4183 1087 4244 abssuds
1100 4184 1215 4244 literam
1228 4195 1346 4246 mutan·
