2956 4886
252 369 316 440 108
463 391 559 440 noos
585 389 789 441 unusunar
815 391 861 440 nr
885 391 1127 442 srotnononr

252 531 343 592 luisse
356 531 501 593 interdum
514 552 567 612 pro
582 533 613 594 Ρ
625 544 796 613 usurpatam
810 552 818 592 ε
833 543 866 594 ut
879 532 1018 614 Byrrhus,
1032 552 1096 614 pro,
1113 531 1253 613 Pyrrhus.
1286 533 1345 594 Its·

251 647 309 707 que
323 629 384 688 lieri
397 637 506 708 potest,
520 639 553 690 ut
564 649 582 689 a
595 629 708 710 Pyrrha
721 631 793 690 urbe
808 649 915 690 nomen
930 629 1052 690 ductum
1065 631 1105 689 sit
1120 629 1255 708 Byrrhin,
1269 629 1345 690 idem

250 741 370 802 prorsus
393 723 494 784 valens
516 723 595 804 quod
620 725 688 785 Car.
714 724 883 786 Herodotus
908 726 939 784 in
965 725 1093 805 Euterpe
1107 723 1241 786 ostendit
1254 724 1345 784 Cares

249 819 374 879 barbaro
388 819 544 900 servilique
557 820 647 880 luisse
661 821 789 900 ingenio,
804 831 835 880 et
848 820 887 880 ad
901 820 1018 901 quidvis
1032 821 1176 882 malorum
1190 819 1344 881 ferendum
1464 809 1465 816 ἵ

250 923 380 993 paratos,
393 914 528 976 mercede
542 917 714 997 proposita:
735 916 814 978 unde
829 927 860 979 et
873 929 974 978 natum
988 917 1173 998 proverbium
1188 935 1197 976 r
1219 917 1253 975 ln
1268 916 1344 976 Care

250 1009 431 1088 periculum:
454 1011 592 1086 subaudi,
609 1011 717 1081 ianitor
739 1012 796 1072 hoc
810 1023 875 1073 est:
896 1013 927 1074 iu
941 1013 1058 1074 homine
1072 1023 1124 1074 snt
1137 1033 1167 1073 re
1181 1011 1284 1072 viliore
1297 1013 1345 1072 lac

250 1105 446 1184 periculosam
459 1108 678 1188 experientiam,
705 1109 810 1190 inqua
828 1111 853 1170 si
874 1129 978 1191 parum
991 1108 1117 1172 feliciter
1129 1107 1260 1182 cesserit,
1286 1127 1344 1168 non

250 1201 375 1262 multum
389 1201 535 1284 dispendii
549 1205 737 1286 capiendum.

292 1298 384 1370 Crito,
399 1299 487 1370 Quod
501 1303 729 1364 controversiam
743 1303 872 1368 dirimat.
913 1305 1026 1384 llprrrlr,
1044 1301 1148 1384 judex,
1172 1305 1343 1366 arbitretur:

251 1400 342 1472 mire,
361 1394 474 1475 judico,
494 1397 652 1480 interrogo,
676 1403 821 1476 examino,
851 1401 1044 1482 quaestionem
1067 1400 1105 1462 de
1129 1399 1227 1482 aliquo
1241 1401 1345 1462 habeo.
1465 1410 1466 1436 ¹

253 1491 331 1552 Saue
346 1492 429 1553 Crito
442 1493 582 1566 Andrius,
596 1495 728 1557 Athenas
740 1498 871 1570 veniens,
882 1507 974 1558 totam
987 1497 1075 1577 hujus
1086 1495 1250 1556 Comoedia
1266 1495 1345 1558 litem
1465 1507 1466 1564 l

253 1597 285 1648 et
296 1590 523 1652 controversiam
537 1591 662 1666 diremit,
675 1593 812 1656 indicans
825 1615 893 1675 qna
906 1605 988 1655 esset
1000 1593 1151 1656 Pasibula.

294 1683 447 1760 Chremes,
467 1687 616 1748 Pasibula
633 1700 664 1751 et
685 1690 869 1754 Philumenae
892 1702 985 1772 pater,
1010 1711 1110 1753 senex.
1150 1694 1345 1767 Asereando,
1465 1731 1466 1736 1

253 1780 334 1862 quod
348 1801 435 1844 senes
448 1784 524 1846 tussi
537 1798 702 1866 expurgent
715 1799 832 1868 pectus.
873 1789 1068 1868 Χρέμπομαι,
1083 1808 1177 1852 screo.

293 1875 474 1958 Glycerium,
492 1882 638 1943 meretrix.
680 1885 707 1944 A
730 1885 891 1966 voluptate,
916 1884 963 1944 vel
987 1883 1155 1948 dulcedine.
1197 1887 1343 1966 Plnrspdr,

252 1971 359 2034 dulcis.
401 1976 480 2038 Hinc
494 1977 695 2060 Glycyrrhiza,
717 1980 814 2042 dulcis
833 1980 926 2041 radix.
969 1980 1084 2060 Vulgus
1099 1981 1281 2062 Liquirltiam
1295 2005 1346 2045 ro·

253 2078 312 2130 cat.
362 2069 499 2151 Glycerc,
522 2073 608 2154 hujus
631 2075 782 2157 Glyceres,
806 2095 913 2138 nomen
935 2076 1065 2138 mulieris
1089 2080 1250 2158 proprium,
1273 2081 1345 2142 verti

251 2165 341 2226 etiam
353 2178 462 2247 potest,
476 2167 593 2232 dulcis:
613 2171 677 2250 ejus
691 2171 896 2233 diminutivum
911 2171 1092 2253 Glycerium,
1106 2173 1266 2236 dulcicula.

293 2262 399 2344 Mysis,
422 2265 540 2326 ancilla.
581 2268 609 2326 A
634 2267 734 2350 Mysia
757 2269 862 2348 patria.
904 2269 1010 2330 Strabo
1024 2269 1113 2331 refert
1127 2271 1279 2351 Mysorum
1294 2291 1346 2352 po·

253 2357 355 2437 pulum
368 2379 462 2440 usque
476 2362 551 2424 adeo
565 2373 746 2424 contemtum
759 2364 860 2438 luisse,
882 2375 917 2425 ut
941 2365 1094 2444 proverbio
1116 2364 1215 2426 locum
1235 2366 1345 2426 feeerit.

254 2453 290 2514 ld
305 2469 428 2536 usurpat
453 2458 495 2518 M.
510 2459 624 2520 Tullius
646 2461 677 2520 in
702 2461 844 2522 Oratione
868 2481 920 2542 pro
945 2461 1075 2522 Flacco:
1096 2467 1105 2496 ‘
1117 2460 1218 2533 Quid:
1242 2462 1345 2541 inquit,

253 2557 262 2586 ¹
278 2569 365 2631 porro
378 2554 408 2612 in
423 2555 529 2616 Groeco
545 2575 680 2616 sermone
693 2567 754 2616 tam
769 2557 869 2616 tritum
883 2567 972 2638 atque
985 2556 1163 2618 celebratum
1177 2565 1234 2628 est,
1248 2576 1345 2636 quam,
1466 2577 1467 2584 ¹

252 2647 359 2728 siquis
374 2649 537 2732 despicatui
552 2650 679 2726 ducitur,
694 2663 728 2713 ut
742 2652 896 2732 Mysorum
911 2655 1031 2714 ultimus
1046 2672 1112 2714 esse
1126 2652 1242 2714 dicatur
1252 2651 1273 2710 l'

294 2745 412 2822 lesbia,
425 2749 578 2810 obstetrix.
607 2751 635 2810 Α
649 2751 744 2811 Lesbo
759 2749 866 2811 insula.
894 2749 1052 2811 Rationem
1062 2749 1154 2810 habes
1166 2747 1257 2829 paulo
1267 2757 1344 2808 ante.

673 2993 925 3008 ——s——n-tn

672 3009 924 3028 ψ

368 3164 495 3233 noos
518 3164 798 3246 mansuum,
820 3163 881 3232 nr
902 3122 1233 3245 nronnonoar,

255 3301 350 3357 QUAE
371 3300 627 3354 TERENTIUS
656 3300 825 3353 LATINE
852 3301 929 3352 EST
956 3301 1345 3354 INTERPRETATUS.

583 3497 832 3550 scflaavnnws
852 3497 1018 3550 LECTORI.

255 3615 418 3682 Suaracrr
442 3609 563 3672 editioni
586 3609 770 3672 Terentiana
784 3630 802 3670 a
816 3629 849 3670 se
863 3611 1017 3670 recensita
1032 3609 1131 3671 Nobil.
1144 3627 1181 3670 ac
1194 3609 1346 3670 celeberri-

253 3729 320 3769 mus
335 3709 414 3770 Dan.
431 3709 570 3769 Heinsius
585 3709 663 3769 loca
677 3708 789 3787 aliquot
803 3706 971 3780 Menandri,
992 3726 1061 3785 quus
1074 3705 1229 3766 Terentius
1244 3705 1347 3766 Latine

253 3815 300 3870 est
312 3807 451 3881 imitatus,
465 3826 502 3867 ex
515 3804 690 3867 collectione
704 3803 833 3864 Andreas
848 3803 964 3864 Scottis
984 3821 1039 3862 nos
1062 3802 1099 3862 iia
1119 3802 1178 3862 alia
1190 3822 1227 3862 ex
1241 3801 1347 3862 eodem

254 3903 421 3963 Menandro
435 3901 632 3982 adjunximus,
656 3911 745 3980 atque
767 3901 887 3982 insuper
908 3919 944 3960 ex
959 3897 1152 3978 Apollodoro,
1173 3898 1257 3977 quod
1279 3898 1346 3958 illos

253 3999 329 4059 duos
341 3999 457 4080 proprie
471 3998 602 4059 imitatus
616 3999 703 4058 luerit
715 4007 805 4077 atque
820 3995 995 4075 expresserit
1008 3995 1114 4066 Poeta,
1135 3993 1217 4073 quod
1236 4013 1274 4053 ex
1289 3995 1348 4054 Co·

252 4096 424 4157 moediarum
438 4096 502 4176 ejus
513 4099 680 4176 ἐπιγραφαῖς
690 4104 737 4156 est
748 4094 943 4156 manifestum.
973 4091 1018 4152 Ea
1027 4101 1127 4152 autem
1138 4089 1224 4150 uobis
1236 4107 1347 4170 suppe-

252 4191 392 4268 ditarunt,
417 4193 523 4274 partim
547 4202 684 4274 excerpta
706 4192 849 4254 Gratiana
876 4211 913 4254 ex
937 4187 1100 4270 Tragoediis
1124 4197 1156 4248 et
1180 4185 1342 4248 Comoediis
