2970 4900
521 395 771 446 ARGUMENTA.
1120 385 1183 450 271

118 535 191 586 'esnt
201 533 237 585 de
255 549 341 585 serens
360 548 391 586 sc
406 538 549 599 temporum
567 535 720 599 quentitste·
751 533 816 585 Post
828 536 896 585 enim
908 535 973 600 heri,
985 543 1053 588 utet
1069 538 1184 602 ingresse

135 615 166 664 sit
180 628 212 664 sc
229 629 343 680 egresse,
352 629 427 680 quum
438 628 517 678 prere
528 615 655 664 credimus
665 613 699 664 de
713 615 848 678 proscenio
863 629 914 665 uon
924 617 1070 667 recessisse.
1103 618 1184 670 Posse

134 701 217 744 sutem
228 695 320 759 quinto
330 694 417 758 egredi
429 708 573 758 personum,
581 707 632 742 nun
647 701 675 743 et
686 708 791 742 necesse
807 709 862 744 esse
879 693 1002 744 dicimus:
1019 703 1048 745 nt
1059 705 1183 761 superest

134 773 198 824 ultus
209 774 285 824 exire
295 787 347 824 non
358 788 442 838 posse.
474 773 506 822 ln
516 773 651 837 'i'ssgoedis
661 779 689 822 et
700 773 802 836 porcius
813 775 894 836 exire,
904 781 931 824 et
943 776 1026 840 solere
1041 777 1146 840 puriter,
1155 784 1183 828 et

133 851 222 903 licere.
255 853 358 902 Primus
374 853 456 903 Actus
476 853 502 902 in
513 851 610 902 Andris
621 853 794 903 narrationem
805 853 914 904 Simonis
929 854 996 918 spud
1014 855 1112 906 Sosium
1122 871 1183 908 uon·

133 933 196 982 tinet
213 933 373 996 argumenti:
390 932 459 998 qnod
478 934 587 997 populus
603 933 650 982 hec
667 934 801 983 occasione
818 933 959 998 perdiscit:
975 949 1033 984 mos
1051 936 1182 1000 querelem

135 1013 200 1076 spnd
210 1027 239 1063 sc
250 1014 319 1062 Duri
329 1012 363 1062 ds
374 1013 486 1075 domino,
495 1020 523 1063 et
529 1012 640 1078 ejusdem
652 1027 710 1063 curn
721 1015 824 1063 dominu
836 1015 923 1077 serhs,
933 1021 960 1068 et
970 1028 1057 1064 rursus
1067 1015 1182 1078 ejusdem

134 1093 199 1142 tersi
210 1092 501 1158 deiihessdonem,quid
517 1107 601 1143 rernm
618 1103 700 1158 geret.
731 1094 843 1144 Secundi
856 1094 939 1144 Actus
956 1095 1013 1144 heu
1024 1101 1099 1144 sunt:
1116 1095 1183 1144 Che·

135 1172 180 1221 rini
187 1173 270 1222 verbs
281 1173 431 1236 primosum
442 1173 553 1238 Byrrhie
561 1188 646 1236 serso,
653 1181 681 1224 et
692 1181 752 1238 post
762 1189 820 1224 cum
830 1174 887 1237 ipso
894 1174 1030 1238 Psmphilo
1040 1173 1074 1225 de
1085 1175 1182 1236 nuptiis

135 1251 302 1302 Petimus
319 1254 389 1302 sti
399 1255 567 1316 interventus,
577 1259 605 1303 et
615 1268 673 1303 cnm
684 1268 715 1303 eu
727 1253 867 1317 disputslio
880 1253 915 1304 de
929 1253 1026 1316 nuptiis
1037 1254 1181 1318 Pamphili:

135 1329 263 1394 Psaphili
274 1345 420 1381 sermonum
432 1337 515 1395 petre,
525 1331 583 1380 doio
594 1331 779 1382 consentientis
787 1333 813 1381 iu
823 1333 941 1396 nuptiss:
959 1333 1078 1397 Byrrhiss
1088 1333 1181 1384 serios:
1237 1325 1241 1334 '

135 1407 201 1461 novt
220 1410 316 1460 esliids
334 1413 414 1462 ontio
432 1411 567 1462 sdversum
587 1427 682 1462 senem.
713 1413 801 1462 Tertio
820 1412 898 1462 Actui
914 1413 971 1462 hec
989 1411 1181 1463 sttrihunntur:

132 1487 241 1553 Mysidis
252 1505 310 1540 cnm
321 1491 462 1542 obstetrice
473 1493 636 1557 colloquium,
649 1495 722 1543 Dsso
740 1508 770 1543 sc
781 1493 883 1543 Simone
897 1491 1075 1543 audientibus:
1093 1501 1182 1556 pertus

135 1567 250 1633 Glycerii
270 1579 405 1635 suspectus
423 1571 492 1620 seni:
513 1578 540 1621 et
560 1572 627 1622 Dssi
648 1572 717 1636 spud
736 1587 793 1622 euru
811 1571 978 1622 fraudulente
996 1568 1183 1622 sermocinstio.

134 1649 240 1700 Simonis
251 1651 398 1700 rerhscusn
415 1651 548 1702 Chremets
564 1651 597 1700 de
614 1652 727 1716 nuptiis:
744 1651 810 1700 Iisri
829 1649 988 1715 permrhstio
1004 1664 1034 1700 se
1046 1651 1183 1715 Psmphili.

134 1729 259 1780 ertnm
279 1728 372 1779 Actum
384 1743 432 1793 per
449 1730 506 1780 huc
517 1730 689 1795 intelligimus.
722 1729 811 1781 Prinne
821 1730 926 1780 Chsrini
936 1729 1015 1779 serbe
1025 1730 1182 1796 suut,iudi1·

134 1809 217 1860 uentis
237 1809 308 1859 reiut
323 1807 400 1858 iidem
420 1808 467 1859 sihi
484 1823 535 1860 non
554 1817 682 1861 serratum
701 1811 887 1873 sPsmplsilo:
904 1815 957 1858 tuns
975 1809 1085 1873 Mysidis
1102 1810 1182 1860 rerhs

133 1889 200 1954 spnd
210 1888 384 1952 Pamphilum,
394 1887 557 1952 ejusdemque
573 1895 694 1952 questus:
712 1889 779 1940 Duri
796 1887 982 1938 sdsuinistrstio
999 1887 1050 1938 doli
1061 1887 1182 1940 sdrenus

135 1969 306 2018 Chremetem.
338 1967 370 2016 ln
387 1968 478 2031 quinto
489 1967 574 2018 Actus
588 1967 698 2018 Simonis
714 1977 741 2018 et
753 1968 897 2018 chremetis
916 1981 998 2031 prope
1010 1967 1124 2032 jurgium
1135 1967 1183 2018 dis-

133 2048 250 2112 putarim
267 2053 322 2097 tuns
337 2047 450 2096 detectio
460 2045 617 2096 isiiscisrum
635 2047 718 2107 Duri;
734 2052 788 2097 tum
805 2047 946 2112 indignstio
963 2047 1043 2110 petris
1059 2046 1182 2098 sdversns
1219 2071 1224 2078 ·

134 2125 226 2188 lilium
244 2133 298 2176 tum
310 2125 423 2176 Critonis
434 2126 613 2176 interveniunt
628 2133 657 2175 et
672 2140 720 2190 per
739 2139 796 2174 euru
807 2127 915 2190 cognitis
932 2125 1009 2174 rehns
1024 2127 1050 2175 in
1061 2127 1184 2190 tranquil·

132 2209 182 2258 ium
192 2221 236 2256 res
244 2214 314 2269 sets,
321 2205 472 2257 ducentibus
483 2220 585 2270 uxores,
592 2219 655 2270 quss
665 2207 874 2270 concupiverunt,
881 2204 1016 2268 Pssuphilo
1025 2211 1053 2254 et
1064 2205 1183 2255 Charino.

134 2286 199 2336 illud
212 2301 266 2336 non
277 2300 438 2339 commorere
453 2301 500 2336 nos
517 2287 604 2348 debet,
614 2286 682 2351 quod
700 2286 726 2334 iu
743 2285 832 2335 horum
845 2285 954 2334 Aotunm
970 2283 1134 2333 dictinctione
1146 2285 1183 2332 si·

134 2365 269 2416 denturde
281 2367 415 2429 proscenio
425 2381 476 2416 non
492 2366 641 2416 discretione
658 2380 774 2431 persone
790 2364 924 2430 quedem:
941 2363 987 2412 sed
998 2369 1087 2412 tenere
1104 2361 1182 2412 debe-

133 2459 195 2509 nsus,
211 2443 274 2494 ideo
292 2444 442 2495 Terentium
455 2445 594 2494 sicinitstis
609 2447 763 2495 mentionem
780 2443 873 2494 iecisse
892 2443 918 2492 in
938 2441 1075 2506 principio,
1084 2448 1113 2491 ut
1129 2456 1182 2492 mu·

134 2523 190 2574 dicu
201 2531 311 2589 receptu
328 2532 356 2574 et
372 2523 462 2574 edesse
472 2533 500 2574 et
518 2525 607 2573 shesse
624 2538 759 2587 personum
771 2523 950 2586 intelligemus.
984 2520 1054 2569 Nihil
1070 2535 1132 2584 ergo
1143 2535 1182 2570 se·

134 2603 228 2667 qulns⁴
244 2601 342 2653 fectum
352 2609 393 2653 est
405 2603 437 2653 uh
454 2603 574 2668 eudonis,
590 2603 634 2668 qni
645 2603 677 2652 sd
691 2605 759 2654 hunc
775 2603 878 2654 modum
892 2599 1064 2650 'l'ereutisnss
1074 2600 1183 2650 Fshulss
1202 2612 1206 2622 ·

135 2680 285 2733 diviserunt.

567 2777 717 2828 sdemz.

495 3015 797 3030 μ

236 3269 508 3320 snuunnrtrun
535 3258 767 3317 BUGRAl’Hlli
790 3267 829 3316 itt
853 3265 1043 3314 utrumuis.

105 3415 156 3467 dnn
165 3433 233 3470 nunc
244 3421 279 3470 de
292 3421 393 3472 Andris
403 3421 542 3471 videsmus.
578 3418 676 3468 Andris
689 3417 772 3482 prims
782 3417 868 3468 ishuls
877 3417 935 3468 ideo
945 3425 1061 3480 roestnr,
1071 3430 1103 3466 eo
1117 3414 1184 3478 quod

136 3512 165 3547 ex
183 3499 285 3562 Andro,
299 3502 383 3552 insnls
401 3502 562 3562 Grecornsn,
579 3499 679 3549 uenerit
692 3498 795 3563 Chrysis
814 3497 917 3547 t'oemins
928 3497 1051 3557 Athenss,
1071 3494 1113 3544 nbi
1129 3495 1184 3542 hec

135 3577 360 3639 anteferuntur,
371 3587 398 3630 et
410 3594 468 3630 cuns
479 3577 604 3642 Chryside
612 3577 670 3639 slis,
680 3591 736 3641 qne
747 3577 887 3626 rocsbstur
898 3576 1057 3640 Glycerium,
1067 3587 1124 3622 cnm
1133 3583 1184 3620 non

135 3665 200 3707 esset
215 3671 249 3707 ex
268 3657 360 3708 Andro
379 3658 424 3708 sed
441 3659 525 3722 potius
539 3657 712 3720 Atheniensis,
728 3657 796 3707 deut
812 3655 995 3721 consequentis
1010 3649 1185 3702 msnliestsut.

135 3734 323 3799 Argumentum
342 3738 420 3786 totins
430 3735 524 3786 ishulae
534 3734 601 3786 istud
613 3741 662 3784 est.

107 3813 177 3866 Bello
186 3823 279 3867 exortu
291 3816 401 3867 Athenis
412 3818 534 3866 Chremes
548 3815 651 3880 quidum
664 3812 835 3872 Atheniensis,
844 3811 940 3860 relictis
956 3807 1083 3869 omnibus,
1091 3805 1123 3854 sd
1135 3803 1187 3854 slis

136 3894 296 3960 denigreris.
331 3897 411 3960 Cujus
430 3895 512 3946 irster
526 3896 631 3957 Phanis,
640 3895 684 3959 qui
701 3891 869 3942 Rhsmnusins
885 3889 970 3938 dictus
988 3893 1039 3949 est,
1053 3884 1185 3948 recipiens

135 3972 209 4024 hlium
227 3975 422 4038 iliius,neptern
433 3975 556 4025 videlicet
572 3989 654 4036 susm,
665 3973 765 4023 nomine
776 3969 999 4032 Pssihulsm,que
1016 3973 1108 4030 postes
1124 3961 1187 4026 Gly-

136 4053 230 4103 cerium
247 4053 322 4103 dicts
337 4061 388 4114 est,
399 4054 426 4103 in
438 4053 525 4104 Asisus
544 4052 726 4117 proficiscitur,
736 4063 853 4116 querens
869 4045 975 4096 intrem
991 4043 1187 4108 suum,nomlne

245 4171 257 4215 t
274 4161 335 4212 vid.
357 4161 541 4212 Prseistiouens
559 4167 708 4226 excerptum
724 4155 1047 4210 comminiscensae
