3012 4892
258 387 302 451 46
524 401 572 448 na
596 398 802 448 rnnooenrn
829 397 874 444 ur
898 395 1089 444 conmori.

261 561 340 622 sepe
363 543 400 602 nb
427 541 568 603 historico
593 539 654 600 tide
679 539 797 619 petitur.
839 538 952 599 Latine
978 535 1100 597 Fabulae
1121 538 1215 617 primo
1237 537 1353 598 nLivio

260 637 430 698 Andronico
444 639 650 718 scriptuesunt,
665 633 838 706 adeo,utad
847 634 901 694 has
912 634 1053 694 reaetiam
1062 643 1124 692 tum
1133 643 1266 692 recentes
1274 633 1354 694 idem

260 735 385 812 etpoiita
398 743 429 793 et
442 743 524 794 actor
538 732 714 792 Fabnlerum
728 751 847 791 suerum
858 729 971 792 suisset.
1003 728 1166 789 Conoedie
1179 739 1278 789 nutem
1289 747 1354 788 mo-

259 827 342 887 torioe
357 839 436 902 sunt,
446 837 497 888 ent
507 827 646 899 steterim,
656 827 821 886 autmistae.
842 826 990 906 Motorioe,
1000 825 1195 885 turbulente:
1211 824 1353 896 suerin,

260 923 434 1000 quietiores:
450 924 555 996 misire,
565 932 735 1001 exutroque
745 932 814 982 actu
825 923 1032 981 consistentes.
1053 920 1208 980 cnnoedia
1219 939 1272 1002 per
1279 939 1354 998 qua-

260 1031 327 1080 tnor
339 1028 437 1098 partes
454 1017 608 1085 diriditun
630 1017 796 1096 prologum,
818 1017 961 1098 protasio,
974 1017 1110 1096 epitasin,
1134 1015 1354 1094 murnopben

261 1112 405 1194 Prologus
430 1129 477 1174 est
500 1113 581 1174 veint
602 1113 736 1192 prefatio
759 1111 898 1190 quedam
921 1111 1050 1171 fabule:
1071 1110 1176 1189 inquo
1202 1109 1266 1169 noio
1285 1109 1357 1170 iicet

261 1219 366 1286 preter
380 1220 584 1288 argumentum
608 1207 719 1287 aliquid
743 1208 782 1268 ad
808 1206 961 1286 populum,
987 1206 1035 1265 vel
1055 1223 1092 1266 ex
1116 1207 1225 1284 pndtoe,
1247 1205 1295 1264 rel
1317 1223 1356 1265 ex

261 1303 353 1383 ipsius
378 1304 496 1375 iebnlm,
517 1304 563 1363 vel
577 1322 613 1362 ex
637 1303 744 1362 actoris
764 1301 929 1374 commodo,
953 1301 1043 1381 loqui.
1089 1301 1221 1361 Proteais
1243 1301 1355 1379 primm

261 1409 308 1458 est
329 1409 424 1471 nctus,
448 1399 620 1477 initiumque
642 1398 794 1458 dramatis.
850 1398 980 1476 Epitnsir
1000 1401 1211 1461 incrementum
1234 1415 1356 1478 proces·

262 1511 372 1573 susque
385 1497 550 1555 turbarum:
573 1515 609 1554 ac
623 1494 724 1563 totius,
740 1505 774 1554 ut
789 1495 831 1554 itu
844 1493 977 1570 dixerim,
1000 1507 1098 1556 motus
1114 1495 1229 1555 erroris.
1258 1493 1355 1552 'Cate-

262 1589 383 1669 rtrophe
396 1593 549 1652 conversio
563 1609 656 1652 rernm
671 1601 718 1651 est
732 1591 770 1652 ad
787 1590 937 1670 jucundos
951 1592 1059 1667 exitur,
1072 1591 1221 1675 patefacta
1237 1590 1354 1650 cunctis

261 1685 429 1764 cognitione
442 1684 601 1765 gesto'rnm.

303 1780 665 1842 Gomoedieesticbu1n¹⁰
685 1780 802 1842 diversa
812 1782 948 1842 instituta
961 1781 1128 1854 continens,
1137 1779 1355 1858 effectuumque

262 1875 388 1936 ciriirum
411 1895 446 1936 nc
470 1878 666 1956 privatorum:
695 1879 804 1958 quibus
826 1879 960 1951 discitur,
988 1877 1060 1956 quid
1082 1877 1122 1936 nit
1145 1876 1175 1935 in
1188 1876 1250 1935 vira
1274 1875 1355 1945 urite,

262 1971 332 2048 quid
355 1981 459 2032 contre
485 1973 665 2033 evitandum.
707 1973 795 2033 Hanc
818 1973 916 2034 Graeci
931 1973 974 2034 sic
996 1973 1152 2034 definiere:
1165 1972 1190 2004 ¹⁸
1212 1969 1356 2051 Kerynia

263 2070 340 2127 ἐστὶν
362 2065 506 2128 ἰδιωτικῶν
520 2073 565 2128 roi
586 2074 735 2132 πολιιιιῦν
758 2075 932 2150 πραγμάτων
956 2067 1101 2129 ἀκίνδυνοι
1124 2070 1253 2147 reproxi-
1296 2066 1357 2126 Co·

191 2193 195 2204 ·
262 2161 399 2222 moedinm
423 2181 490 2222 ense
515 2164 619 2225 Cicero
634 2165 685 2236 nit,
705 2163 921 2224 ‘imitationem
943 2164 1022 2235 vitae,
1048 2163 1202 2244 speculum
1225 2179 1355 2222 cousue-

262 2256 385 2330 tudinin,
409 2258 567 2338 imaginem
587 2259 738 2334 veritatis!
790 2260 951 2320 Comoedine
974 2269 1072 2320 autem
1092 2277 1112 2318 e
1134 2275 1215 2318 more
1233 2257 1356 2336 antiquo

263 2351 371 2412 dicte:
401 2352 471 2432 quie
494 2354 611 2414 invicia
635 2353 805 2433 hujusmodi
827 2353 957 2416 carmine
978 2355 1060 2415 initio
1078 2354 1252 2433 agebantur,
1274 2352 1356 2432 apud

263 2447 407 2508 Groeooer
428 2458 462 2508 ut
475 2449 505 2506 in
521 2448 607 2508 Itelin
617 2449 816 2529 compitniitiie
830 2448 960 2522 ludicris,
973 2449 1099 2510 admisto
1110 2448 1356 2528 pronuntiationis

263 2541 395 2614 modulo,
409 2562 479 2621 qno,
493 2542 562 2602 dum
578 2555 663 2604 actua
676 2528 1038 2630 commntantur,1iopulus
1048 2543 1271 2606 detinebatur.¹²
1295 2545 1357 2604 Ant

263 2637 320 2696 dri
334 2647 390 2696 τῶν
403 2649 511 2715 cuper,
525 2637 583 2698 hoc
596 2649 652 2712 ert,
675 2641 713 2698 ab
727 2649 796 2700 notu
811 2641 879 2701 ritoe
893 2641 1055 2714 hominum,
1076 2640 1127 2718 qui
1141 2640 1171 2699 in
1185 2639 1258 2698 vicis
1271 2639 1356 2698 hebi-

263 2731 377 2804 tabant,
390 2733 429 2791 ob
444 2732 675 2794 mediocritatem
689 2734 888 2795 fortunarum:
908 2755 968 2795 non
982 2735 1013 2795 in
1027 2735 1104 2796 aulis
1119 2733 1217 2814 regiis,
1237 2744 1271 2794 nt
1284 2743 1356 2794 sunt

262 2845 398 2906 personne
409 2829 540 2908 magicas.
582 2829 736 2890 Comoedia
748 2849 828 2904 vero,
841 2832 912 2910 quia
922 2833 1029 2910 poema
1042 2832 1097 2892 aab
1109 2829 1273 2890 imitatione
1287 2829 1356 2889 vitm

264 2933 353 3000 atque
366 2943 479 2984 morum
489 2925 680 2986 similitudine
693 2928 888 3007 compositum
903 2938 958 3002 eat,
980 2928 1010 2986 io
1030 2936 1116 3007 gestu
1135 2935 1166 2986 et
1184 2925 1357 3005 pronuntia·

263 3019 344 3078 tione
357 3021 503 3081 consistit.
545 3021 727 3082 comoediam
741 3023 821 3102 apud
841 3022 963 3085 Grecos
978 3023 1099 3083 dubium
1121 3021 1252 3100 estquis
1273 3020 1357 3080 inre-

264 3114 340 3173 nerit
352 3115 482 3192 primosi
505 3116 584 3195 apud
595 3118 715 3178 Latinos
728 3130 841 3180 cartnrn
853 3131 909 3181 est,
941 3118 1124 3180 Cornoediam
1137 3126 1168 3176 et
1181 3114 1355 3195 tragediam

264 3217 395 3285 togatam
404 3209 498 3287 primo
509 3209 605 3272 livius
616 3212 805 3274 Andronicus
814 3217 937 3294 reperit:
959 3215 1068 3295 aitque,
1088 3211 1279 3274 ‘comoediam
1288 3229 1356 3271 esse

264 3301 444 3379 quotidinnae
457 3303 526 3365 vitm
540 3309 692 3386 specuium
704 3308 731 3368 τ’
752 3329 807 3370 nec
821 3310 937 3390 injurie.
969 3312 1055 3384 Nam,
1070 3320 1104 3370 ut
1113 3309 1217 3370 intenti
1233 3307 1355 3387 speculo

263 3397 394 3458 veritatis
408 3399 587 3464 lineamenta
607 3403 694 3465 facile
716 3424 767 3484 per
791 3407 932 3486 imagines
951 3407 1133 3486 colligimus:
1163 3405 1205 3464 ita
1228 3403 1356 3463 lectione

264 3491 417 3553 comoedia
440 3495 631 3562 imitationem
644 3500 712 3562 vitre
734 3502 1016 3583 consuetudinisque
1039 3521 1098 3564 non
1121 3500 1271 3582 egerrime
1294 3499 1357 3574 noi

296 3722 328 3769 10
347 3720 612 3790 Conroedinrrtfndnin]
627 3727 659 3777 In
677 3727 789 3782 Mende
863 3737 891 3783 11
911 3733 983 3783 Hnrc
1000 3731 1082 3782 Greci
1097 3731 1132 3780 rie
1154 3725 1276 3794 ἀμπ’]
1294 3725 1356 3776 ὓῑθ·

264 3801 318 3844 ent:
347 3795 389 3846 Dc
411 3798 538 3851 Custodia.
571 3802 690 3853 comedia
711 3807 787 3866 eris.
828 3809 896 3858 med.
908 3809 998 3859 Grrm.
1008 3807 1053 3858 lib.
1064 3819 1108 3857 ιιι.
1126 3804 1171 3854 ubi
1182 3801 1273 3853 erdem
1292 3799 1356 3850 ded-

264 3867 339 3919 Adeo
357 3878 396 3934 ut,
413 3887 472 3938 qne
483 3883 635 3940 sequnntur,
644 3891 693 3929 non
706 3881 789 3932 Eran-
828 3883 892 3934 nitio
899 3881 1066 3946 necarant
1075 3881 1198 3932 «Μῦν
1209 3891 1260 3927 ¹⁰¹²
1272 3875 1356 3926 ⁸⁶⁶³*-

263 3943 311 3993 thti
337 3947 456 4011 nmpiins,
479 3949 525 4002 sed
547 3953 653 4003 alterins
675 3955 788 4006 auctoris
827 3958 899 4010 lind.

263 4032 320 4070 enne
347 4023 490 4075 rideantur.
517 4028 556 4078 Id.
596 4029 788 4081 Weaterborius
860 4039 891 4084 ιι
908 4033 1012 4098 Populus
1031 4028 1193 4092 detinebatur]
1211 4026 1262 4076 Mt·
1281 4038 1355 4088 W·

264 4095 367 4146 nomine
384 4099 675 4164 ‘FmgmentiDonati'
687 4105 787 4159 ediditr
827 4103 1160 4174 hrattinebntumretint',
1177 4101 1217 4152 ld.

264 4169 325 4221 nstin
335 4173 466 4229 amanter.
482 4178 554 4230 Ζιιιι.
