2948 4890
504 441 599 492 nrrrr
625 443 861 494 cannrcanro.
1160 427 1224 497 131

119 590 291 650 trochaicor
315 598 347 650 et
370 585 511 648 iambicon
534 593 733 658 tetrametror,
755 585 805 646 vix
829 594 864 645 ut
885 583 1050 648 moenere
1073 585 1223 648 interdum

119 687 241 766 poesie:
256 685 336 746 unde
350 685 485 744 nimirum
499 684 532 742 lit
543 682 709 761 aliquoties,
723 693 767 757 nt,
780 700 856 761 quon
871 681 945 743 sorte
961 682 1067 762 aliquia
1081 684 1222 745 iambicon

119 801 189 842 eene
204 781 372 854 crediderit,
393 779 482 839 iidem
503 777 644 838 trochaici
668 777 765 838 verine
783 777 897 839 censeri
911 789 1032 857 queant.
1075 780 1167 860 Cujnr
1180 783 1222 842 rei

119 898 190 938 curn
215 877 275 938 alia
295 877 389 938 multa
402 875 536 956 exempla
550 883 630 948 runt,
650 885 712 934 tum
726 873 993 936 commodianimnm
1008 875 1096 936 luerit
1109 895 1145 936 cx
1159 877 1222 936 An·

121 971 199 1045 dria,
224 992 316 1034 scena
339 971 431 1051 prima
453 979 537 1030 actua
551 970 666 1050 quinti:
688 969 826 1030 ubiduoa
842 971 1078 1050 primusomne,
1101 971 1148 1030 vel
1169 988 1221 1053 per

122 1069 240 1128 iamhoa
255 1067 372 1147 aliquia,
386 1067 432 1128 rel
447 1085 498 1145 per
511 1065 658 1126 trocheon
674 1065 769 1126 metiri
783 1065 889 1147 poenit,
903 1065 958 1126 nisi
971 1065 1051 1144 quod
1065 1067 1223 1146 inaequan-

120 1175 169 1223 ter
185 1183 289 1222 rereua
302 1181 354 1240 per
367 1161 513 1222 trochaeos
528 1179 595 1221 caea
609 1159 774 1221 metiendos
788 1160 931 1222 indicant.
973 1160 1046 1221 lude
1068 1181 1147 1222 error
1171 1181 1222 1224 eo·

122 1279 202 1332 rum,
223 1259 276 1337 qui
290 1258 431 1318 iambicon
444 1255 605 1336 quadratos
619 1275 686 1316 ecee
701 1268 888 1330 annotarunt,
908 1277 975 1318 cum
990 1257 1085 1338 quirin
1099 1277 1159 1318 non
1174 1279 1223 1318 ru-

122 1355 266 1416 diaaimna
282 1354 369 1433 plane
380 1353 484 1414 harum
498 1373 593 1413 rerum
607 1353 770 1414 trochaicus
784 1373 851 1414 aare
863 1353 973 1414 rideat.
1002 1353 1059 1415 Hic
1072 1353 1146 1416 illud
1160 1353 1223 1414 obi·

121 1463 178 1524 ter,
200 1451 335 1530 quamvis
356 1450 431 1522 lere,
452 1449 671 1510 admonendum
695 1461 786 1530 puto:
806 1450 877 1511 mire
899 1449 1046 1510 interdum
1067 1449 1162 1510 Polite
1184 1449 1222 1511 de

122 1547 273 1608 industria
287 1547 464 1607 sententiam
479 1567 585 1627 genere
600 1547 667 1626 ipro
680 1547 764 1606 metri
782 1547 886 1626 juvare
903 1545 1039 1606 videtur:
1061 1546 1142 1606 velut
1162 1545 1222 1606 ibi:

123 1643 196 1702 ‘Dii
209 1643 292 1716 honi,
314 1643 384 1702 boni
405 1641 477 1721 quid
498 1641 606 1722 porto?
628 1641 681 1703 red
705 1641 754 1702 uhi
779 1642 927 1702 inveniam
952 1640 1160 1722 Pamphilum'.l
1182 1641 1224 1701 Ut

122 1749 236 1800 metum
258 1739 288 1798 in
310 1757 370 1817 quo
384 1757 462 1799 nunc
476 1736 674 1810 antudinam,
698 1748 787 1818 atque
803 1738 935 1817 expleam
951 1739 1079 1798 animum
1095 1737 1224 1818 gaudio:

124 1841 183 1898 dte.
227 1834 285 1894 Ubi
309 1833 451 1894 trochaici
475 1833 611 1896 carminis
636 1835 724 1894 c‘urru
746 1844 777 1895 et
800 1833 982 1895 volubilitate
1006 1834 1224 1896 festinationem

125 1940 324 2011 repraesentat
337 1931 444 1990 servuli
462 1931 624 1992 insolenter
637 1931 807 2004 exultantia,
821 1942 852 1992 et
865 1929 1016 1992 alacritate
1030 1931 1120 1992 nimia
1134 1930 1226 2010 gerti-

126 2028 218 2089 entir.
261 2026 409 2096 Quocirca
422 2027 533 2106 paerim
554 2027 712 2102 trochaeos,
732 2027 905 2101 tribrachon,
926 2037 1095 2108 aaapmntoa
1115 2027 1226 2090 admir-

126 2125 209 2184 cnit:
230 2122 325 2206 peden
335 2123 457 2196 scilicet,
466 2125 573 2202 quibua
587 2122 722 2184 celeritas
735 2124 908 2203 plerumque
922 2143 941 2183 a
953 2123 1059 2184 ceterin
1073 2123 1142 2183 item
1155 2123 1236 2201 poe'·

126 2219 166 2280 tin
180 2219 305 2300 exprimi
321 2217 407 2279 nolet.
450 2219 588 2280 Similiter
601 2219 632 2278 in
647 2219 792 2280 Eunucho
805 2220 933 2280 nubitum
947 2237 1099 2298 egressum
1118 2217 1225 2298 puellm

126 2317 308 2396 perturbatae
322 2313 470 2375 celeritate
490 2315 554 2394 ipra
576 2315 685 2394 pedum
706 2316 871 2395 expressit:
892 2315 942 2375 uhi
964 2313 1122 2374 Phaedria:
1144 2314 1225 2376 ‘Sed

126 2413 200 2494 quid
214 2413 275 2472 hoc
288 2411 355 2484 eet,'
368 2411 475 2490 inquit,
488 2411 586 2491 ‘quod
599 2409 702 2472 timida
717 2413 814 2472 cubito
825 2409 974 2490 egreditur
984 2409 1137 2492 Pythiaal'
1159 2409 1226 2472 Hoc

128 2507 231 2570 dedita
244 2527 336 2588 opera
346 2507 468 2567 Poe'tanr
481 2507 524 2568 ita
537 2508 652 2582 lenione,
666 2507 714 2568 vel
728 2509 802 2568 illud
817 2507 927 2568 indicio
941 2507 1039 2578 luerit,
1050 2505 1143 2587 quod,
1158 2525 1226 2568 cum

128 2605 218 2666 ceteri
232 2605 323 2684 hujun
336 2623 435 2664 ucenae
448 2622 550 2664 verene
574 2603 692 2664 iambici
715 2605 785 2676 rint,
805 2623 883 2663 unua
897 2603 946 2663 hic
959 2603 1089 2664 trimeter
1102 2603 1228 2664 trochai-

129 2719 182 2760 cmr
196 2717 267 2760 erne
282 2697 424 2760 videatur.
467 2697 505 2758 Et
528 2698 638 2779 alioqui
660 2699 738 2760 nolet
750 2699 897 2760 interdum
911 2699 1005 2760 Po'e'ta
1017 2707 1130 2758 mutare
1144 2699 1229 2758 metri

45 2840 46 2844 ,
131 2813 237 2874 genna,
261 2811 331 2852 cnm
343 2804 462 2854 rentum
476 2801 523 2853 eat
536 2793 573 2854 ad
593 2799 773 2873 παρασκιυὴν
789 2814 889 2854 ncenoe
903 2793 1074 2874 sequentia:
1093 2793 1175 2854 velut
1196 2793 1227 2853 in

132 2890 209 2950 And.
225 2897 285 2949 act.
302 2907 326 2950 1.
342 2907 432 2952 scene
446 2892 474 2951 3.
500 2899 530 2951 et
550 2909 651 2951 rnrrna
665 2899 724 2952 act.
742 2909 796 2952 111.
810 2909 901 2952 scena
912 2895 942 2952 4.
985 2890 1094 2950 lternnr
1108 2899 1167 2950 act.
1184 2907 1227 2952 rr.

132 3006 222 3046 ecena
239 2989 268 3046 l.
293 2986 327 3046 In
343 2985 462 3065 Hecyra
473 2996 532 3046 act.
543 3005 598 3046 111.
613 3005 704 3048 scena
718 2989 746 3047 3.
778 2986 927 3046 Prreterea
940 2986 970 3045 in
984 2985 1104 3046 Phorm.
1119 2994 1176 3044 act.
1187 3003 1228 3046 ιι.

9 3141 11 3164 p
133 3101 224 3144 neena
237 3085 269 3143 2.
312 3081 361 3142 Sic
375 3081 450 3142 alian
465 3083 568 3162 crepe.¹
598 3083 670 3144 'l'ale
684 3082 757 3144 illud
770 3100 888 3163 quoque
908 3101 945 3142 ex
965 3079 1129 3160 Adelphin:
1151 3079 1230 3140 ‘Ce-

133 3191 211 3240 teros
224 3197 351 3252 ruerem,
367 3197 494 3258 agerem,
514 3198 657 3258 raperem,
677 3179 843 3251 tunderem,
856 3187 887 3238 ct
898 3177 1132 3258 prosternerem!
1172 3177 1230 3238 Cui
1291 3207 1295 3214 ·

134 3285 180 3336 ert
193 3272 316 3354 aliquod
332 3274 444 3333 aurium
460 3273 618 3353 judicium,
641 3277 667 3334 ia
689 3274 775 3336 lacile
798 3276 914 3346 renuet,
937 3293 991 3335 cnr
1010 3273 1050 3334 ait
1062 3273 1157 3334 Polite
1170 3283 1229 3334 tro-

134 3369 237 3430 chaico
261 3389 336 3430 nene
359 3368 519 3432 hocloco:
538 3369 674 3430 nimirum
698 3379 732 3430 nt
754 3387 875 3433 reneum
892 3367 1021 3450 quodam
1034 3368 1125 3430 veluti
1140 3387 1230 3430 curru

135 3465 243 3543 pedum
262 3465 387 3526 citornm
406 3465 544 3544 juvaret:
566 3465 647 3546 quod
672 3476 703 3527 et
724 3467 885 3548 principem
908 3469 1060 3548 poetarum
1075 3463 1231 3544 Virgilium

136 3580 215 3641 crepe
228 3560 384 3620 factitaaae
398 3569 526 3621 coartat.
567 3559 655 3635 Nam,
678 3571 713 3622 ut
725 3561 894 3624 tarditatem
912 3561 953 3626 rei
967 3561 1230 3640 difficultatemque

136 3658 295 3736 exprimere
309 3675 377 3717 cum
390 3654 464 3730 vult,
477 3657 586 3718 crebris
601 3657 768 3740 apoudoeir;
783 3659 836 3733 ita,
849 3679 917 3720 cum
932 3658 1110 3720 celeritatem
1125 3666 1156 3714 et
1168 3653 1231 3714 rel·

136 3763 169 3812 ut
180 3754 324 3832 impetum
338 3761 369 3812 et
381 3751 610 3826 festinationem.
625 3755 750 3836 dactylis
764 3756 967 3836 frequentibus
981 3754 1083 3814 utitur.
1122 3748 1232 3810 Priori}

137 3849 304 3930 exemplum
327 3848 402 3908 illud
423 3858 471 3910 ent
482 3869 519 3910 err
532 3851 618 3912 tertio
633 3851 794 3913 AEneidoe:
816 3851 946 3912 ‘Annixi
960 3855 1098 3928 torquent
1111 3863 1232 3924 rpumae

138 3953 168 4005 et
180 3944 293 4004 coernla
306 3944 447 4006 verrunt!
486 3945 661 4009 Poeteriorin
674 3947 748 4008 illud
762 3967 799 4007 ex
813 3955 935 4026 quarto:
957 3951 965 3979 ⁶
979 3943 1062 4004 Idem
1076 3959 1178 4003 omnen
1194 3941 1233 4002 ei·

139 4041 200 4100 mul
220 4039 309 4102 ardor
328 4039 429 4115 habet,
454 4043 630 4123 rapiuntque
652 4055 811 4124 ruuntque.
853 4043 964 4102 Littera
981 4036 1155 4110 decernere,'
1175 4040 1233 4104 &cr

141 4136 199 4196 Sed
213 4136 301 4196 nimia
315 4136 421 4210 multa,
442 4139 480 4199 de
501 4159 533 4200 re
555 4142 717 4220 proenertim
740 4140 807 4202 leri.
849 4134 1104 4200 Obaerrahithaec
1118 4131 1233 4212 aliaque

141 4229 171 4294 id
185 4252 280 4312 genua
291 4252 344 4313 per
357 4253 389 4295 re
409 4234 473 4315 ipre
486 4234 580 4296 lector
592 4236 755 4298 rtudioaua.
796 4233 874 4296 Illud
889 4253 947 4296 non
962 4229 1169 4314 ignorandum,
1183 4245 1233 4290 co·
