2958 4892
260 377 328 448 w
422 395 656 449 rasnorsous
679 395 784 446 ιιιιιιι
808 395 857 444 nn
882 393 1022 446 rssrass
1044 393 1205 446 sorssors,

283 631 374 694 'llbiis
388 541 533 694 sultanis.
653 631 744 694 Tibiis
758 540 890 713 pluribus
1047 631 1138 694 'l'ibiis
1151 539 1323 712 idipsribus.

304 777 364 838 Sed
384 775 521 858 quaedam
543 795 579 836 ex
598 775 645 834 his
660 793 719 837 noo
734 773 806 836 satis
821 773 937 836 sincera
951 791 1018 835 esse
1031 771 1125 856 liquet
1138 791 1206 836 onos
1220 792 1259 834 ex
1271 771 1354 834 eodi-

262 891 331 934 cum
344 871 496 944 varietate,
508 881 572 932 tum
586 889 623 930 es
638 869 768 944 Donato,
777 869 864 950 juxta
877 889 977 950 quem,

348 997 630 1062 Secundaaotaest
847 997 962 1066 Quarta
1180 995 1273 1056 Sexta

292 1094 371 1157 tibiis
384 1093 489 1156 dextra
500 1103 532 1154 et
544 1091 673 1154 sinistra.
802 1091 882 1154 tibiis
896 1090 1017 1154 dextris.
1106 1087 1185 1150 tibiis
1200 1090 1345 1150 Sarranis.

304 1221 346 1282 Ut
356 1221 423 1282 hmo
436 1231 533 1281 autern
548 1217 758 1300 intelligamus,
771 1217 987 1280 observandum
1006 1223 1054 1276 est
1066 1215 1206 1277 Veterum
1220 1215 1357 1277 tibicines

262 1311 438 1379 dnas'simul
451 1317 539 1378 tinias
553 1316 655 1376 inflare
668 1315 772 1376 solitos
785 1333 863 1389 esse,
876 1335 956 1394 qun,
969 1313 995 1374 si
1009 1313 1114 1374 dextra
1134 1331 1223 1372 mann
1237 1312 1359 1374 destra-

262 1433 321 1494 que
344 1413 403 1474 oris
424 1421 507 1492 parte
530 1421 710 1483 tenerentur,
732 1411 845 1472 dextras
869 1411 959 1472 dietae
984 1420 1071 1470 sunt:
1092 1429 1160 1488 quse
1181 1427 1253 1470 vero
1282 1410 1361 1470 laesa

262 1527 353 1570 manu
365 1507 500 1589 luraque
513 1507 572 1568 oris
594 1516 687 1586 parte,
702 1505 847 1567 sinistrss':
868 1505 949 1566 huno
963 1503 1043 1584 apud
1057 1503 1124 1564 illos
1138 1523 1249 1565 morem
1263 1504 1357 1565 inisse

263 1603 387 1683 antiqua
414 1621 561 1666 marmora
586 1612 617 1662 et
638 1601 749 1662 nnrnmi
777 1619 887 1682 magno
911 1619 1034 1662 numero
1058 1597 1231 1660 ostendunt.
1275 1600 1360 1660 Duas

262 1717 333 1759 vero
347 1699 478 1772 dextras,
486 1717 546 1759 uon
558 1715 646 1778 pares
659 1695 790 1770 dextras,
803 1707 835 1758 et
848 1695 971 1776 proinde
985 1695 1061 1756 duas
1076 1696 1223 1766 sinistras,
1237 1705 1318 1756 reete
1332 1705 1362 1754 et

262 1794 381 1874 proprie
394 1793 452 1854 diei
465 1801 547 1872 patet
567 1801 600 1854 et
614 1811 652 1852 ex
673 1789 720 1850 his
740 1791 846 1864 titulis,
865 1801 897 1851 et
917 1811 955 1852 ex
976 1791 1131 1852 notissimo
1147 1790 1270 1852 Phasdri
1294 1790 1361 1852 looo

263 1885 287 1951 Ι.
304 1907 336 1949 v.
350 1889 423 1950 Fab.
438 1891 468 1948 6.
484 1887 523 1948 de
533 1887 662 1961 tibicine,
676 1887 728 1967 qui
742 1873 891 1948 sinistram
904 1888 1032 1968 l'regerat
1043 1887 1164 1948 tibiam:

465 2029 559 2091 Duas
572 2049 640 2091 oum
655 2047 810 2092 naxrass
825 2029 979 2092 maluisset
991 2029 1124 2112 perdere.

305 2139 352 2202 Ex
371 2142 458 2204 tertio
480 2141 569 2204 titulo
589 2141 684 2222 liquet
708 2143 795 2204 tibias
822 2143 943 2206 dextras
969 2145 1007 2204 ab
1030 2141 1189 2222 imparibus
1210 2140 1363 2222 distingui,

264 2234 391 2316 ideoque
404 2255 491 2318 pares
505 2237 608 2312 inisse,
620 2237 653 2300 id
666 2249 723 2312 est,
743 2240 863 2320 paribus
887 2237 1091 2312 foraminibus,
1111 2257 1258 2318 paresque
1274 2255 1364 2300 sonos

265 2330 407 2407 edidisse,
420 2333 502 2414 quod
514 2331 592 2394 idem
605 2333 668 2414 pari
676 2333 744 2412 jura
758 2332 797 2394 ds
810 2333 925 2396 duabus
940 2334 1068 2396 sinistris
1087 2333 1177 2395 etiam
1190 2331 1363 2394 dicendum.

265 2425 396 2506 impares
410 2429 499 2508 igitur
512 2430 594 2490 luere
618 2427 687 2490 dnm
711 2429 801 2504 onie,
822 2449 948 2510 quarum
966 2430 1074 2493 dextra
1096 2429 1199 2501 altera,
1213 2427 1310 2490 altera
1323 2431 1364 2490 si·

264 2523 378 2582 nistra:
399 2523 429 2582 in
443 2525 536 2604 primo
549 2525 637 2605 igitur
650 2525 747 2600 titulo,
760 2545 829 2588 eum
842 2527 921 2588 tibiis
933 2528 1053 2607 paribus
1067 2523 1195 2586 addatur
1208 2523 1321 2586 dextris
1334 2537 1365 2587 et

266 2615 405 2691 sinistris,
418 2617 449 2678 in
463 2619 568 2699 quinto
581 2639 651 2681 sero
664 2620 743 2682 tibiis
756 2623 878 2704 paribus
902 2621 976 2684 nihil
997 2622 1057 2684 tale
1077 2619 1216 2694 addatur,
1237 2640 1365 2682 cenno-

266 2711 337 2774 dam
351 2723 399 2776 est
411 2713 459 2776 rel
472 2715 503 2776 in
517 2715 610 2796 primo
623 2714 735 2778 dextris
748 2728 778 2780 et
791 2718 917 2780 sinistris
931 2739 968 2780 ex
981 2715 1144 2780 abundanti
1157 2715 1257 2796 adjici,
1272 2717 1320 2778 vel
1334 2717 1365 2778 in

266 2807 372 2888 quinto
394 2829 483 2874 voees
503 2829 556 2874 eas
575 2811 681 2894 injuria
700 2813 831 2894 quodam
844 2815 1010 2879 excidisset
1030 2829 1167 2892 eumque,
1180 2811 1239 2872 nisi
1252 2812 1366 2892 aliquid

266 2903 412 2980 ejusmodi
440 2905 578 2981 addatur,
606 2909 681 2970 seire
702 2927 894 2990 nequeamus,
917 2922 1015 2972 utrum
1037 2907 1150 2970 dextrae
1173 2925 1212 2966 an
1237 2909 1367 2969 sinistrae

265 2997 387 3076 inerint,
400 3003 505 3082 opinor
518 3004 638 3082 paribus
649 3004 728 3066 tibiis
738 3016 865 3085 quatuor
876 3005 1012 3087 intelligi,
1022 3004 1098 3066 duas
1112 3002 1223 3064 scilicet
1236 3002 1369 3077 dextras,

267 3111 335 3154 oum
348 3093 466 3156 duabus
480 3095 616 3170 sinistris,
627 3108 658 3158 et
667 3097 799 3162 diversas
812 3100 934 3162 Fabulae
943 3111 1043 3182 partes
1054 3097 1178 3160 dirersis
1191 3098 1271 3158 tibiis
1285 3109 1369 3158 actas

266 3186 380 3260 inisse:
406 3188 479 3250 alias
494 3209 599 3271 nempe
622 3191 739 3256 duabus
760 3194 884 3268 dextris,
899 3195 974 3257 alias
995 3213 1065 3256 vero
1089 3193 1205 3254 duabus
1220 3191 1368 3262 sinistris:

269 3285 316 3346 rel
330 3295 422 3347 totam
435 3287 578 3349 Fabulam
591 3289 684 3352 altera
694 3290 759 3353 vioe
771 3291 819 3352 his
833 3291 924 3365 tibiis,
938 3290 1031 3352 altera
1043 3290 1112 3352 illis.
1152 3289 1319 3370 Utrumque
1337 3291 1369 3352 in

267 3401 327 3444 usu
340 3380 431 3442 fuisse
444 3401 504 3443 non
518 3397 565 3445 est
577 3395 612 3446 ut
624 3385 805 3462 dubitemus,
818 3407 894 3448 ,oum
907 3407 945 3450 ex
955 3386 1039 3448 hisee
1052 3385 1146 3448 titulis
1160 3395 1283 3448 constet
1295 3405 1369 3446 ean·

267 3475 338 3538 dem
356 3477 487 3539 tabulam
501 3499 561 3540 non
575 3499 692 3562 semper
710 3483 815 3544 iisdem
827 3483 905 3544 tibiis
919 3493 1018 3544 aotam
1032 3482 1144 3552 inisse:
1166 3491 1197 3542 et
1209 3481 1240 3542 in
1261 3481 1368 3541 eadem

268 3574 384 3636 actione
400 3572 506 3638 modos
526 3577 710 3640 oantioorum
723 3589 755 3640 et
767 3579 962 3642 diverbiorum
976 3599 1058 3660 stepo
1072 3587 1201 3638 mutatos
1216 3577 1370 3638 annotarit

268 3667 417 3732 Donatus.

310 3765 424 3834 Quarta
447 3767 549 3828 fabula
569 3778 637 3829 nota
660 3767 768 3831 dioitur
790 3769 869 3830 tibiis
890 3770 1036 3845 Serranis,
1059 3769 1118 3843 rel,
1141 3777 1175 3829 ut
1188 3767 1370 3848 aliilegunt,

268 3863 419 3930 Serranus
434 3862 488 3924 sed
502 3863 575 3924 mihi
587 3863 742 3926 indubium
763 3876 810 3926 est
831 3864 974 3928 Smasrs‘s
995 3884 1096 3926 seram
1109 3883 1177 3924 esse
1196 3864 1370 3940 lectionem,

269 3949 388 4018 aSsrra
401 3957 500 4031 dictis,
513 3979 581 4038 quse
594 3961 672 4039 Tyro
684 3959 754 4021 olim
772 3979 882 4022 nomen
903 3961 975 4030 suits
996 3959 1078 4022 unde
1099 3959 1253 4038 Virgilius,
1277 3961 1374 4022 ‘Su-
1470 4011 1471 4014 ,

268 4069 341 4112 rano
358 4051 516 4113 indormiat
539 4065 622 4114 ostro
632 4059 651 4114 ι’
671 4055 710 4116 G.
726 4075 765 4116 rr.
779 4059 849 4118 506.
868 4065 900 4118 et
922 4057 1070 4137 antiquior
1094 4054 1218 4134 Virgilio
1240 4055 1372 4128 Ennius,
1470 4065 1471 4080 ³

269 4143 398 4208 ‘Poenos
412 4149 502 4220 Sarra
514 4149 677 4225 oriundos,’
700 4162 734 4214 ut
756 4153 855 4216 Ιοοιιιιι
875 4153 959 4216 illum
978 4151 1111 4215 laudarit
1125 4151 1251 4213 Probus.
1294 4151 1377 4214 Mihi
