2948 4890
262 361 325 426 162
588 363 598 376 ·
634 375 665 422 r.
688 369 981 424 annnsrcnsnus
1041 389 1046 398 ·

261 535 334 582 rem.
375 518 473 586 Quare
487 515 569 576 vohis
584 515 720 576 omnibns
735 515 799 594 ejus
814 512 940 574 nominis
955 509 1108 584 studiosis,
1131 510 1207 572 inter
1220 529 1356 590 quosme

261 633 379 696 quoque
393 631 464 672 sane
479 630 619 672 essenon
633 611 735 684 nolim,
757 609 912 670 commode
925 607 1121 680 ostendimus,
1146 617 1357 687 atquaoppor-

261 723 343 782 tune,
356 709 429 788 quid
442 709 584 788 cujusque
600 705 705 786 judicii
724 706 927 786 sequeremini.
970 702 1098 774 Quodsi
1112 703 1190 781 quis,
1205 713 1239 762 ut
1252 713 1301 762 est
1313 703 1357 762 in·

261 807 381 886 genium
392 803 568 883 quibusdam
579 805 734 864 barbarum
745 822 780 862 ac
791 803 895 874 lerum,
905 799 1085 880 pertinacius
1096 798 1231 877 negligat
1244 797 1357 858 foveat·

262 919 320 980 que
334 901 482 980 ignaviam
495 917 599 968 suanus
621 909 650 960 te
670 897 777 959 saitem
800 897 961 958 habeamus
986 896 1023 954 ab
1045 893 1190 956 erroribus
1211 893 1357 972 ejusmodi

255 1006 461 1076 segregatum.

584 1324 625 1390 P.
652 1319 1032 1388 ANTESIGNANUS

375 1519 552 1582 ANTONIO,
566 1517 792 1582 rflnorffltm,
809 1518 854 1568 ΕΤ
869 1517 1010 1570 tonitru
1026 1515 1157 1569 sams
1174 1517 1202 1568 S.
1214 1517 1248 1567 l).

563 1678 770 1714 111
851 1681 867 1714 1
945 1675 1058 1714 0¹0

264 1765 395 1826 Veasus
423 1773 520 1846 autern
547 1761 594 1820 hic
621 1760 735 1819 iambici
765 1767 817 1818 aut
843 1757 985 1818 trochaici
1012 1769 1083 1818 runt
1109 1777 1231 1820 omnes:
1267 1765 1357 1837 atque

263 1863 378 1940 utrique
397 1869 449 1919 aut
472 1857 656 1926 monometri,
678 1867 731 1914 aut
744 1853 870 1926 dimetri,
896 1863 949 1914 aut
958 1853 1090 1927 trimetri,
1112 1865 1165 1916 aut
1177 1853 1356 1915 tetrametri:

263 1967 294 2016 et
308 1976 408 2016 rursus
431 1965 483 2015 aut
506 1951 699 2024 acatalectici,
724 1963 775 2011 aut
799 1951 976 2024 catalectici,
996 1963 1048 2012 aut
1069 1949 1357 2032 brachycatalectici,

264 2061 316 2110 aut
333 2050 600 2132 hypercatalectici.
642 2047 761 2108 iambici
786 2049 824 2108 ab
849 2048 945 2108 iambo
959 2047 1046 2126 pede,
1068 2058 1098 2107 et
1111 2046 1251 2108 trochaici
1265 2066 1284 2106 a
1298 2056 1357 2106 tro-

263 2147 347 2210 chaeo
377 2167 483 2207 nomen
510 2146 629 2206 habent.
686 2145 805 2205 iambici
833 2146 920 2224 igitur
947 2155 1027 2216 sunt,
1054 2144 1084 2204 in
1109 2163 1233 2224 qnorum
1254 2143 1357 2204 sedern

264 2243 392 2322 aliquam
406 2243 529 2314 iambus,
544 2253 596 2302 aut
609 2242 638 2300 in
653 2241 785 2300 ultimam
798 2259 850 2319 pro
865 2241 962 2301 ianrbo
975 2240 1161 2321 pyrrhichius
1175 2239 1355 2318 ingreditur:

262 2337 414 2408 trochaici,
438 2337 587 2416 inquibus
610 2337 696 2399 datur
718 2335 848 2396 trochmo
862 2335 957 2396 iocus.
1000 2335 1121 2396 iambici
1135 2336 1196 2396 siva
1213 2335 1358 2410 trochaici

263 2434 436 2494 monometri
450 2443 521 2502 sunt
541 2433 590 2510 qui
605 2451 664 2494 una
686 2451 834 2504 mensura,
857 2432 915 2492 hoc
929 2440 985 2504 est,
1007 2431 1132 2510 pedibus
1155 2430 1271 2491 duobus
1286 2450 1358 2491 con·

264 2538 364 2588 stant:
386 2527 499 2588 dimetri
520 2529 571 2606 qui
586 2529 729 2588 mensuris
744 2527 872 2600 duabus,
886 2539 917 2588 et
930 2526 1056 2607 pedibus
1069 2535 1212 2605 quatuor:
1233 2526 1357 2586 trimetri

263 2623 314 2700 qui
333 2624 476 2682 mensuris
499 2623 603 2696 trihus,
626 2643 661 2683 ac
684 2622 808 2702 pedihus
833 2643 896 2695 sex,
921 2621 1000 2681 unde
1019 2633 1049 2681 et
1063 2619 1255 2681 senariidicti
1270 2631 1356 2682 sunt:

263 2718 423 2778 tetrametri
437 2717 498 2777 aive
511 2718 647 2797 quadrati
662 2718 712 2796 qui
735 2717 879 2777 mensuris
894 2726 1030 2795 quatuor,
1054 2727 1121 2776 octo
1135 2735 1204 2776 reto
1217 2715 1357 2796 pedihus,

263 2812 343 2871 unde
368 2821 399 2872 et
419 2815 559 2873 octonarii
582 2833 601 2873 a
625 2814 736 2873 Latinis
761 2814 959 2872 nominantur.
1014 2813 1202 2884 Monumetri,
1230 2812 1356 2885 dimetri,

263 2907 396 2982 trimetri,
411 2919 442 2968 ct
457 2911 627 2982 tetrametri,
638 2911 666 2968 in
682 2910 788 2988 quibus
811 2909 884 2967 nihii
898 2907 1040 2978 abundat,
1061 2927 1157 2987 neque
1172 2906 1358 2986 desideratur
1412 2915 1415 2920 “

264 3004 432 3083 quicquam,
456 3006 639 3066 acatalectici
653 3013 879 3083 nuncupantur:
910 3003 1077 3064 catalectici
1100 3004 1151 3082 qui
1169 3003 1287 3084 syllaba
1299 3023 1358 3064 una
1472 3033 1473 3075 ,

264 3099 422 3169 breuiores,
446 3114 476 3158 et
489 3099 764 3178 brachycatalectici
779 3102 830 3180 qui
844 3100 979 3162 duabus:
1009 3099 1265 3180 hypercatalectici
1287 3119 1357 3160 vcro

263 3191 292 3248 in
317 3193 423 3269 quibus
447 3191 558 3271 aliquid
582 3193 738 3256 redundat.
781 3197 824 3256 Ex
846 3197 976 3258 iambicis
1001 3198 1030 3256 in
1052 3215 1108 3256 usu
1131 3205 1201 3256 sunt
1227 3196 1355 3254 maximo

263 3287 342 3366 apud
356 3287 524 3346 Terentium
539 3290 658 3348 trimetri
670 3292 733 3352 sire
748 3290 853 3350 senarii
868 3292 1051 3352 acatalectici
1064 3301 1094 3352 et
1116 3291 1274 3364 tetrametri
1294 3291 1354 3350 sire

264 3384 406 3443 octonarii
419 3393 480 3443 turn
497 3383 678 3446 acatalectici
692 3387 952 3452 tumeataiectici:
975 3388 1005 3445 in
1026 3386 1127 3446 rariori
1151 3384 1266 3444 dimetri
1287 3404 1355 3444 aca-

263 3478 390 3538 talectici
406 3489 437 3538 et
452 3478 571 3536 trimetri
591 3480 766 3540 catalectici.
810 3481 835 3540 E
860 3482 1016 3544 trochaicis
1030 3481 1197 3541 usitatiores
1222 3491 1293 3541 sunt
1311 3492 1352 3540 te·

262 3575 391 3632 trametri
412 3574 595 3634 catalectici:
625 3575 721 3634 minus
745 3576 844 3634 usitati
866 3575 982 3637 dimetri
1004 3575 1167 3636 catalectici
1180 3583 1210 3634 et
1232 3577 1353 3636 trimetri

261 3669 333 3730 item
346 3668 521 3728 catalectici.
563 3669 752 3749 Reliquomm
766 3689 906 3749 generum
920 3671 1055 3752 exempla
1065 3692 1125 3731 non
1139 3671 1195 3730 nisi
1206 3671 1354 3732 rarissima

264 3761 342 3844 apud
356 3764 436 3825 huuc
451 3775 598 3826 auctorem
613 3765 808 3826 inveniuntur.
851 3767 972 3828 iambici
993 3768 1155 3828 trocbaeum
1172 3786 1231 3826 non
1247 3768 1352 3839 ierunt,

263 3879 358 3937 neque
373 3860 567 3938 pyrrhichium
592 3861 648 3920 nini
673 3862 738 3920 loco
763 3861 885 3921 ultimo:
907 3873 938 3921 at
951 3862 1090 3923 trochaici
1104 3882 1200 3942 neque
1214 3861 1352 3936 iambum,

262 3974 358 4032 neque
371 3956 575 4034 pyrrhichium.
619 3957 752 4024 Quatuor
775 3957 866 4037 pedes
884 3959 1152 4038 brachysyllabum,
1166 3957 1351 4038 spondaeum,

263 4050 423 4128 dactylum,
445 4060 476 4110 et
500 4063 682 4130 anapaestum
698 4063 756 4111 tarn
770 4055 885 4114 iambici
899 4075 988 4134 quam
1005 4055 1144 4114 trochaici
1163 4055 1264 4132 quavis
1281 4054 1351 4114 sede

263 4143 614 4228 recipiuntprretcrqnam
626 4147 756 4208 ultimam
766 4149 789 4208 si
801 4149 993 4222 acatalectici,
1001 4161 1031 4211 et
1039 4150 1228 4228 penultimam
1237 4149 1262 4208 si
1270 4160 1352 4210 cate·
