3012 4892
479 383 613 434 vroroa
638 385 687 434 na
710 385 901 434 conmori.
1194 375 1239 440 67

136 523 240 582 minori
261 523 458 586 catalecticon
478 533 678 588 tetrametrum
698 527 890 606 excogitavit,
914 525 1160 606 Pherecrateaque
1183 529 1237 590 eibi

135 637 254 679 veroum
266 639 284 678 e
298 619 454 697 spondaeo,
467 619 598 700 dactylo,
611 631 645 682 et
652 623 783 684 trocheo
795 621 1021 702 pulcherrimum
1031 623 1236 684 concinnavitt

135 733 191 774 nec
205 734 294 776 aeona
310 716 432 796 Eupolia
447 727 646 780 tetrametrum
658 737 695 780 ex
710 719 847 780 trocbmia
861 719 1087 798 conglutinavit.
1128 719 1238 780 Veram

134 811 363 890 Aristophanes,
383 813 466 872 utin
487 815 625 874 omnibus
646 827 693 875 eat
713 823 934 888 murmurum,
957 815 989 874 iu
1009 813 1067 874 boo
1080 815 1169 876 etiarn
1183 815 1235 876 ulli

133 906 240 968 cedere
262 908 368 968 noluit.
410 909 570 972 iambicum
592 912 670 972 enirn
693 910 994 990 hypercatalecticuar
1010 923 1235 984 monometrnm,

133 1017 164 1064 et
182 1005 502 1084 brachycatalectioum
524 1006 697 1078 trimetrum,
719 1016 766 1068 eat
785 1007 860 1066 mira
886 1007 1031 1066 enaritate
1053 1007 1235 1066 modulatus.

134 1100 262 1180 lnanper
275 1119 313 1160 ex
329 1101 491 1180 anapoeatia
503 1101 666 1162 trimetrum
681 1101 915 1173 acatalectioum,
929 1119 967 1162 ex
980 1101 1156 1162 choriambis
1167 1119 1235 1162 vero

133 1205 349 1258 monometrum
367 1197 478 1276 primun
492 1196 621 1256 omnium
637 1197 818 1276 temperarit,
843 1209 934 1277 atque
947 1197 1005 1258 alia
1018 1196 1170 1276 complura
1183 1215 1235 1276 per

133 1291 269 1352 Serrium
283 1301 315 1353 et
327 1291 408 1354 illiue
421 1294 592 1374 interpretea
611 1293 786 1356 Fabularum
801 1303 956 1362 annotata.
980 1313 1048 1372 qnae
1062 1291 1235 1354 mortalibus

134 1386 209 1448 adeo
233 1389 422 1467 placuerunt,
446 1399 479 1449 ιι
499 1389 638 1450 barbarea
660 1389 749 1450 etiam
772 1387 928 1450 Persarum
949 1389 1063 1448 animoa
1086 1387 1236 1467 potuerint

134 1481 312 1546 demulcere.
355 1485 470 1545 Etenim
483 1484 563 1566 apud
583 1505 635 1546 eoa
649 1483 877 1565 Aristophanem
891 1485 1056 1564 accepimua
1071 1483 1234 1563 prasertim

134 1599 150 1638 a
164 1597 234 1659 rege
248 1579 438 1642 celebratum.
479 1581 592 1642 Contra
606 1599 674 1642 rero
689 1581 775 1642 Nove
790 1579 944 1640 Comoedia
957 1579 1079 1652 iambos,
1092 1589 1126 1639 ut
1139 1579 1231 1658 pluri·

134 1695 213 1736 mnm
226 1675 317 1750 uolet,
327 1683 475 1756 ‘usurpatz
496 1675 746 1756 quemadmodum
767 1693 786 1736 ι
805 1675 935 1748 Stobmo,
950 1673 1120 1748 Plutarcho,
1134 1673 1234 1738 Gellio

133 1771 224 1832 citata
236 1771 399 1832 Menandri
411 1771 542 1834 carmina
554 1771 769 1834 demonetrmrt.

174 1867 267 1926 Binan
292 1877 436 1948 apparatu
464 1865 649 1928 differentiae
674 1867 806 1928 extitiaie
835 1865 1017 1946 grammatici
1038 1863 1232 1937 tradiderunt,

135 1981 200 2022 oum
215 1962 333 2026 scilicet
345 1964 376 2021 in
394 1964 540 2042 panemo,
554 1975 617 2024 tum
633 1964 664 2024 in
684 1965 751 2042 ipae
764 1963 848 2034 aerio,
869 1961 1145 2040 Comoediarnmque
1160 1981 1232 2021 coo·

134 2069 223 2140 tectu.
256 2057 413 2118 Platonica
425 2058 504 2118 enirn
519 2070 622 2120 auctor
635 2071 683 2118 eat
695 2059 812 2120 Veteri·
827 2055 989 2118 Comudite
1001 2059 1104 2135 poiitaa
1115 2075 1232 2117 eacena

134 2155 237 2214 colitoa
251 2173 320 2214 aue
332 2171 385 2214 coa
399 2153 526 2214 educere
537 2163 723 2232 personatos,
736 2153 787 2232 qui
802 2153 902 2214 atatim
923 2171 959 2212 ex
975 2152 1042 2232 ipae
1054 2151 1139 2224 faeie,
1153 2171 1230 2231 quoa

133 2261 232 2310 eatent
245 2259 311 2310 toto
325 2267 414 2327 opere
434 2249 574 2328 carpturi,
596 2251 812 2327 epectatoribua
836 2247 1020 2308 indicarent:
1048 2257 1092 2319 ut,
1116 2247 1140 2308 ai
1156 2247 1231 2308 sorte

133 2347 266 2426 quianon
278 2343 382 2406 audire
390 2345 521 2406 cumina
530 2355 694 2426 cogeretur,
703 2344 740 2406 de
749 2363 876 2426 persona
884 2355 994 2415 tarnen,
1004 2343 1141 2422 quianam
1151 2355 1233 2404 canet

135 2441 531 2520 deridendua,agnoeceret.
573 2442 634 2504 Sed
648 2441 760 2504 Comici
779 2442 966 2512 recentioree,
985 2438 1024 2500 ad
1037 2437 1231 2500 excutiendo·

135 2538 324 2618 potiaaimum
338 2539 427 2612 riaua,
440 2537 616 2598 histrionum
638 2538 729 2600 saciet
752 2537 984 2617 configuratum.
1028 2535 1074 2595 De
1087 2535 1232 2596 induania

133 2633 251 2712 quidem
263 2645 447 2694 monatroaoa
461 2633 612 2694 bominum
626 2635 725 2694 vultu·
744 2634 885 2714 effingere
898 2633 1093 2706 conabantur,
1116 2651 1153 2692 ne
1167 2631 1230 2693 cui·

133 2731 208 2809 piam
222 2731 299 2792 l'orte
307 2731 427 2790 fortuna
438 2728 597 2792 Macedoni
607 2740 679 2790 tunc
692 2729 834 2810 prefecto
843 2728 953 2789 eimilea
964 2747 1031 2788 eane
1043 2725 1230 2789 riderentur:

133 2826 314 2908 proindeque
328 2826 416 2886 miter
437 2825 485 2886 ille
498 2828 596 2908 poeta,
617 2843 677 2886 non
690 2843 777 2886 ιιοιι
797 2843 833 2884 ac
848 2824 874 2883 ai
892 2824 1048 2882 barbarum
1068 2819 1229 2900 principem

134 2921 202 2984 data
228 2941 321 3002 opera
346 2923 552 2994 aubaannaret,
574 2921 691 3002 publice
716 2919 927 2980 mulctaretur:
947 2915 1023 2977 adeo
1045 2913 1151 2978 nobilia
1178 2915 1231 2977 ille

136 3019 308 3080 Graecorum
321 3019 463 3097 majeataa
477 3017 598 3097 imperia
616 3017 849 3096 obtemperabat.
889 3014 1005 3094 Quippe
1027 3011 1153 3074 diatorta
1164 3031 1229 3072 cor·

133 3134 203 3194 pora
215 3115 384 3176 Menander
397 3115 435 3194 (ai
447 3115 583 3176 Platonio
597 3113 759 3188 credimus)
772 3113 919 3193 planeque
933 3127 1119 3172 communem
1133 3107 1229 3168 homi·

134 3231 199 3270 num
213 3211 391 3272 excedentia
407 3222 542 3272 naturam
564 3209 698 3289 peraonia
722 3209 900 3278 imitabatur,
919 3207 1053 3286 prolecto
1071 3203 1228 3284 cupienter,

133 3307 290 3382 Quoniam,
304 3307 401 3386 inquit
424 3307 482 3379 illc,
505 3325 565 3368 non
581 3306 677 3368 oolnm
703 3305 824 3378 malum,
846 3303 899 3364 aed
922 3313 953 3362 et
965 3301 1034 3362 mali
1049 3299 1169 3360 vitanda
1181 3309 1229 3360 eat

135 3403 273 3484 impicio.
314 3402 403 3474 Quod
418 3415 516 3464 autem
538 3404 578 3466 ad
592 3403 715 3466 Fabula
735 3401 865 3483 pertinet
877 3407 1060 3469 contextum,
1076 3394 1184 3456 eborea
1196 3395 1227 3454 in

132 3517 222 3560 ecana
234 3509 284 3560 eat
296 3519 350 3560 cur
372 3501 450 3559 inter
472 3517 505 3558 ac
519 3499 642 3560 Vetere·
667 3499 803 3579 Notique
826 3515 887 3556 non
906 3493 1072 3575 quadrent:
1091 3489 1227 3570 qnando·

130 3596 248 3675 quidem
263 3595 308 3656 illi
331 3593 413 3655 varia
434 3593 574 3673 quaedam
597 3593 799 3656 modulamina
811 3591 1026 3673 temperabant,
1039 3605 1106 3667 quae
1119 3585 1227 3648 cborua

130 3691 254 3772 cinguli·
268 3687 386 3752 actibua
409 3689 615 3752 intercinendo
628 3690 745 3770 plebem
772 3689 837 3751 aine
858 3687 959 3760 tmdio,
982 3703 1137 3764 quonaque
1158 3681 1226 3742 novi

129 3786 337 3868 egrederentur
357 3783 527 3860 biauionea,
554 3785 709 3850 detineret.
762 3785 897 3866 Populea
921 3783 1000 3845 enim
1025 3778 1225 3848 Athenienaie,

129 3896 274 3964 quatenu
298 3901 395 3944 rerum
418 3880 555 3946 dominun
576 3883 750 3956 habebatur,
771 3880 931 3962 quotannis
956 3875 1070 3936 AEdilea
1089 3873 1223 3946 creabat,

129 3981 176 4060 qni
198 3989 316 4042 anmtna
335 3977 451 4040 alaudia
471 3999 627 4060 puerorum
652 3979 752 4041 eboris
774 3975 1040 4038 aubminiatrarent.
1081 3969 1224 4028 Ceterum

129 4077 233 4138 eborae
246 4083 376 4156 quatuor
388 4085 421 4136 et
432 4074 536 4155 viginti
549 4075 629 4149 viria,
645 4075 793 4154 puerine,
811 4081 865 4132 aut
877 4067 1006 4130 imminit
1018 4063 1225 4136 inatruebatur,

130 4175 202 4236 nient
214 4171 433 4253 Aristophanes
446 4171 477 4234 in
491 4171 605 4234 Avibus
619 4171 735 4234 Fabula
747 4175 892 4230 numerat.
934 4165 966 4225 Si
980 4180 1049 4226 vcro
1061 4161 1225 4243 promiocue
