2958 4892
695 359 750 410 JO.
774 355 937 406 LENGIUS

537 507 666 567 Verebar
680 521 821 584 quorsum
832 501 986 562 eraderet:

544 603 650 662 Amore
665 599 811 670 abundas,
824 595 975 676 Antipho:

262 743 315 793 sut
327 729 511 792 trochaicus:
533 737 576 802 ut,
589 726 668 788 Proh
683 725 782 786 Deum
796 733 885 804 atque
897 721 1048 784 hominum
1062 720 1168 782 fidem:
1191 721 1284 782 rarius
1296 739 1355 782 mo·

261 838 403 898 nometer,
417 837 459 898 ut,
473 824 553 894 Quid
566 823 641 882 illud
655 831 712 882 est.

302 923 362 984 Sed
377 921 415 982 de
428 922 475 981 his
489 939 550 980 non
563 937 639 998 opus
662 929 709 978 est
732 927 766 976 ut
789 915 949 996 quicquam
972 913 1082 984 dicam,
1106 931 1173 972 curn
1186 922 1217 972 ει
1230 930 1297 972 raro
1310 929 1357 970 oc·

262 1029 392 1092 currant,
411 1028 441 1078 ct
455 1016 538 1078 exiis
555 1037 623 1096 quas
645 1013 681 1076 de
700 1013 839 1074 trimetris
860 1019 891 1072 et
909 1009 1086 1072 tetrametris
1109 1007 1248 1080 diximus,
1271 1005 1355 1068 iacile

261 1116 378 1197 possint
391 1113 525 1194 intelligi.

454 1279 510 1338 DE
538 1276 729 1340 LICENTIA
758 1274 887 1336 METRl
915 1269 1175 1334 TERENTIAM.

267 1485 269 1492 γ
303 1409 440 1468 Diximus
455 1425 555 1488 supra,
574 1424 691 1467 carmen
706 1403 863 1464 iambicum
878 1422 896 1462 a
909 1401 1031 1463 comicis
1045 1413 1229 1478 usurpatum,
1252 1408 1359 1480 prmter

263 1503 370 1586 pedem
384 1505 523 1576 iambum,
545 1503 634 1564 etiam
656 1501 842 1583 spondaeum,
863 1499 996 1578 aliosque
1011 1496 1114 1578 pedes,
1133 1499 1183 1578 qui
1198 1508 1269 1558 sunt
1282 1497 1359 1578 ejus·

264 1599 332 1660 dem
354 1619 423 1660 cum
444 1598 586 1679 spondaeo
610 1617 767 1670 mensurae,
788 1596 971 1673 frequentius
995 1593 1159 1657 admittere.
1202 1598 1359 1658 Dubitetur

263 1707 362 1756 autem
375 1697 486 1756 interea
499 1695 574 1754 inter
587 1695 703 1765 doctos,
718 1711 817 1752 aunon
832 1704 863 1752 et
875 1711 929 1772 pes
940 1690 1067 1751 creticus
1080 1694 1141 1754 sire
1152 1693 1358 1772 amphimacer,

263 1792 314 1870 qui
328 1791 504 1872 spondaeum
518 1789 644 1861 excedit,
665 1790 693 1848 in
710 1799 802 1848 metro
815 1788 992 1848 Terentiano
1006 1789 1104 1851 locum
1117 1790 1245 1850 habeat:
1266 1810 1359 1869 quan·

262 1903 351 1965 quam
366 1887 443 1946 eninr
458 1885 507 1945 alii
521 1905 673 1964 nunquam
687 1884 904 1946 admittendum
918 1905 985 1946 esse
1006 1897 1167 1956 censeantz
1190 1887 1240 1946 alii
1261 1897 1359 1948 tamen

263 1981 433 2054 admittant,
455 1980 508 2040 sed
532 1981 659 2060 parcius.
702 1981 741 2040 Et
763 1991 842 2042 certe
863 1981 955 2061 siquis
970 1982 1009 2042 ad
1024 2003 1155 2044 normam
1169 1983 1360 2063 virgilianam

262 2095 366 2137 omnes
381 2078 474 2138 nostri
499 2077 613 2138 Comici
638 2097 725 2139 voces
741 2099 905 2158 vocumque
920 2080 1174 2158 pronuntiationes
1189 2079 1360 2160 expenden-

263 2173 319 2234 das
334 2193 400 2235 esse
414 2174 528 2248 credat,
549 2175 631 2235 nullo
652 2175 741 2236 modo
762 2175 869 2254 pedem
884 2175 973 2235 istum
988 2177 1117 2256 effugere
1131 2177 1248 2258 poterit.
1289 2175 1359 2248 Sed,

263 2290 332 2332 eum
346 2271 496 2332 heroicum
510 2291 627 2332 carmen
643 2271 732 2351 longe
747 2291 765 2331 a
778 2272 892 2331 comico
906 2261 1054 2332 scribendi
1073 2271 1161 2332 modo
1183 2271 1284 2344 distet,
1307 2271 1361 2332 du·

263 2363 419 2428 bitandum
433 2387 493 2428 uon
508 2378 555 2428 est
568 2369 640 2447 quin
655 2378 686 2427 ει
699 2367 774 2427 alius
789 2387 907 2448 quoquc
930 2367 1141 2448 pronuntiandi
1163 2367 1268 2428 modus
1283 2367 1360 2440 huie,

263 2464 338 2522 alius
359 2464 401 2522 illi
423 2463 589 2524 conveniat.
632 2463 785 2522 Comoedia
806 2463 914 2544 quippe
938 2463 1108 2543 popularem
1123 2463 1183 2524 lere
1198 2482 1360 2524 sermonem

263 2559 349 2618 nobis
363 2559 502 2627 exhibet;
524 2559 609 2638 cujus
624 2557 703 2640 apud
718 2578 821 2620 omnes
836 2569 940 2640 gentes
955 2579 1018 2620 mos
1033 2570 1089 2634 est,
1103 2570 1137 2620 ut
1150 2579 1193 2620 ese
1205 2559 1359 2635 dictiones,

264 2675 333 2736 quea
349 2655 528 2737 frequentius
541 2664 709 2728 occurrunt,
721 2655 916 2716 contractiore
929 2655 1018 2716 modo
1033 2674 1114 2736 saepe
1127 2658 1360 2736 pronuntientur,

264 2762 296 2812 ει
309 2753 400 2814 veluti
413 2755 443 2813 in
457 2773 546 2814 unam
559 2753 685 2814 co'e'ant:
707 2752 788 2832 quod
803 2763 913 2828 museo,
930 2754 1060 2815 sicelio
1074 2755 1206 2818 emtione
1221 2755 1303 2834 gravi
1316 2755 1361 2816 rel

263 2849 294 2908 in
308 2849 427 2910 heroico
441 2851 569 2910 carmine
589 2851 681 2924 lieret,
702 2851 858 2912 ridiculum
879 2851 1038 2913 videretur.
1080 2851 1147 2913 Hoc
1169 2852 1258 2912 modo
1281 2851 1360 2932 apud

265 2955 416 3007 auctorem
430 2955 564 3006 nostrum
579 2966 677 3021 voces,
692 2947 774 3028 quid,
788 2949 880 3028 quod,
894 2949 958 3022 sed,
972 2953 1028 3010 &c
1043 2969 1111 3010 cum
1133 2967 1203 3010 voce
1226 2949 1360 3029 sequenti

264 3041 485 3121 quodammodo
497 3043 665 3104 coalescere
679 3044 825 3106 interdum
840 3046 991 3107 videntur:
1014 3057 1066 3107 ut:

308 3169 388 3226 Nihil
402 3177 520 3248 propter
532 3169 610 3230 hanc
624 3191 705 3240 rem;
728 3173 781 3232 sed
796 3175 936 3255 estquod
951 3187 1109 3236 succenset
1122 3174 1183 3235 tibi.

306 3263 457 3333 Quidnam
471 3265 539 3326 esti
558 3267 669 3346 puerile
684 3279 749 3330 est:
771 3271 922 3350 quidest?
943 3273 1034 3332 nibil:
1054 3273 1125 3351 quin
1140 3271 1198 3344 dic,
1212 3271 1362 3352 quidest?

265 3391 327 3464 ubi,
343 3409 380 3449 ne
394 3411 446 3471 pes
460 3393 585 3454 creticus
599 3393 781 3471 admittetur,
796 3399 851 3460 sed
862 3410 918 3473 est,
933 3411 972 3474 et,
983 3401 1053 3480 quid
1064 3411 1120 3474 est,
1130 3401 1217 3480 quasi
1230 3401 1260 3460 in
1272 3421 1363 3462 unam

265 3487 344 3547 coire
358 3485 502 3566 syllabam
517 3487 676 3550 credimus.
701 3492 789 3560 Quod
804 3505 901 3556 autem
914 3495 962 3556 hic
976 3496 1014 3556 ‹le
1026 3497 1102 3578 pede
1116 3497 1225 3558 cretico
1239 3498 1363 3560 vitando

266 3582 404 3655 diximus,
427 3582 465 3643 de
479 3584 585 3644 ceteris
600 3585 688 3646 etiem
704 3587 928 3668 intelligendum
949 3603 996 3652 est
1014 3594 1066 3671 qui
1088 3592 1262 3672 spondaeum
1276 3615 1365 3658 exce·

267 3678 353 3739 dunt.
395 3678 444 3738 Sic
467 3697 536 3752 vox,
558 3679 648 3753 Nihil,
671 3681 702 3740 in
728 3685 820 3762 primo
843 3684 917 3764 pede
931 3687 1034 3765 prioris
1048 3707 1150 3748 versus
1165 3689 1255 3750 modo
1269 3691 1364 3765 allati,

265 3771 470 3854 monosyllaba
483 3783 548 3842 est;
570 3793 740 3854 quanquam
764 3778 794 3836 in
817 3791 923 3860 quarto
944 3782 1020 3861 pede
1042 3785 1192 3865 sequentis
1211 3785 1366 3866 eleganter

267 3869 439 3949 disyllabice
462 3871 675 3948 pronuntietur.
719 3873 830 3935 Eodem
846 3877 935 3938 modo
949 3898 1010 3938 non
1025 3880 1120 3941 solum
1135 3867 1244 3954 voces,¹
1256 3883 1366 3961 magis,

267 3973 307 4036 et,
328 3965 410 4036 satis,
434 3963 489 4023 sed
512 3966 610 4039 etiam,
632 3969 762 4046 quidem,
787 3972 884 4047 simul,
899 3975 989 4054 apud,
1004 3986 1156 4050 ettamen,
1171 3978 1217 4037 rel
1230 3977 1367 4038 ultimam

266 4053 380 4119 literam
394 4077 473 4138 seepe
487 4060 590 4122 elisam
603 4063 723 4139 habeut,
748 4068 795 4128 vel
818 4069 848 4128 in
863 4089 953 4132 unam
968 4067 1113 4152 syllabam
1127 4073 1365 4136 contrahuntur:

268 4163 321 4213 ut:
389 4165 397 4176 “
