3012 4892
628 379 834 431 russeum.
1235 365 1277 432 27

178 525 258 587 tuuc
274 519 485 586 Helmstadii
500 519 620 604 degens
640 522 790 587 contulit.
835 521 915 588 Hos
934 523 1023 588 enim
1034 523 1182 590 'scholiis
1204 524 1277 590 sive

179 621 305 704 glossis
325 621 507 687 destitutos
533 639 619 700 esse,
641 623 781 688 doctiss.
806 623 862 689 ille
878 623 1060 703 Gesenius,
1084 625 1200 706 Helm,
1218 627 1277 692 uhi

177 742 265 786 nunc
281 723 487 787 Professoris
502 723 696 806 'lheologiuc
711 743 842 790 munere
852 725 1009 808 fungitur,
1024 725 1106 792 mihi
1119 729 1277 794 mrravit.

178 823 294 889 Alium
310 822 461 888 codicem
476 823 710 890 Terentianum
727 825 851 907 glossis
865 825 1028 909 repletum
1042 829 1205 912 scripturn
1219 847 1277 894 an·

178 944 223 990 no
239 927 337 990 1474.
351 925 547 1008 possidebat
566 925 707 990 doctiss.
728 925 860 1004 Niclas,
883 934 994 992 rector
1018 928 1277 1012 huneburgicns‚

179 1027 237 1109 qui
255 1025 344 1090 hnuc
359 1045 435 1090 cum
451 1027 571 1092 ceteris
585 1027 657 1092 suis
683 1027 779 1092 libris
801 1033 885 1110 post
907 1033 1043 1094 mortem
1058 1029 1276 1096 Bibliothecae

180 1127 380 1192 monasterii
403 1127 440 1192 Β.
464 1127 646 1194 Michablis
667 1127 768 1212 juxta
794 1129 1027 1212 Lnueburgnm
1051 1130 1163 1194 inferri
1179 1151 1276 1198 curs-

178 1235 280 1294 verat.

221 1328 290 1394 Sed
303 1335 450 1394 revertor
463 1329 508 1394 ad
523 1328 687 1410 codicem,
699 1350 798 1414 quem
809 1335 886 1396 ante
897 1329 1012 1398 oculos
1022 1329 1143 1397 habco.
1173 1329 1275 1398 Hunc

179 1431 350 1496 continere
364 1431 495 1514 glossas
510 1431 584 1496 sive
600 1431 728 1498 scholia
742 1431 903 1498 abeditis
929 1431 1076 1510 diversa,
1100 1433 1176 1517 ipse
1196 1453 1277 1500 con·

179 1539 319 1616 spectus
333 1531 466 1596 abunde
480 1531 592 1598 docet.
636 1531 814 1611 Quatenus
830 1533 965 1598 cumiis
978 1533 1184 1617 conspirent,
1199 1555 1275 1619 qum

179 1633 214 1696 in
233 1631 409 1698 codicibus
433 1639 510 1698 ante
533 1633 725 1700 memoratis
745 1635 910 1716 leguntur,
931 1634 1008 1700 eliis
1031 1635 1275 1718 explorandum

179 1731 340 1817 relinquo.
377 1732 558 1800 Auctorem
573 1734 774 1800 scholiorum
788 1743 888 1800 rotate
907 1736 1043 1802 Donato
1057 1737 1275 1818 grammatico

180 1835 306 1900 Saeculi
322 1851 372 1898 lv.
383 1837 571 1902 inferiorem
582 1855 671 1914 esse,
681 1845 779 1904 extra
789 1857 920 1903 omnem
931 1837 1153 1902 dubitationis
1165 1839 1274 1904 aleam

180 1939 326 2020 positum
352 1943 414 2014 est,
442 1938 522 2021 quia
545 1939 720 2004 Donatum
746 1946 864 2006 testem
887 1939 1045 2023 producit
1068 1939 1101 2002 iu
1128 1939 1275 2022 Prologc

179 2035 343 2102 Eunuchi.
386 2035 496 2101 Immo
509 2037 621 2103 nullus
636 2038 767 2116 dubito,
790 2059 867 2105 eum
883 2059 926 2104 ne
949 2039 1177 2124 Eugrephium
1200 2041 1275 2124 qui-

180 2138 254 2203 dem
268 2138 466 2221 scriptorem
480 2137 597 2204 saculi
622 2155 662 2203 x.
684 2145 785 2204 aetate
800 2141 1005 2206 antecedere.
1049 2141 1274 2224 Engraphium

179 2238 223 2302 ab
245 2255 288 2303 co
310 2239 494 2306 lectitatum
519 2259 607 2317 esse,
628 2257 673 2304 ex
696 2243 909 2306 consensione
926 2239 1087 2306 Noturum
1101 2241 1276 2325 utriusque

179 2341 327 2406 anctoris
340 2342 514 2426 probabile
527 2346 588 2408 est.
633 2342 674 2406 ln
688 2349 772 2408 note·
791 2342 849 2426 [ad
865 2341 969 2407 Andr.
989 2359 1045 2406 ιιι.
1068 2341 1101 2406 3.
1121 2341 1191 2422 un]
1212 2359 1274 2426 pro

180 2441 421 2526 significatione
446 2442 603 2508 vocabuli
633 2443 845 2526 ‘periclum'
872 2441 1007 2510 allenur
1029 2443 1124 2508 locus
1148 2463 1192 2508 ex
1216 2441 1274 2508 ci-

179 2563 314 2623 cerone,
335 2565 434 2628 quem
448 2544 646 2610 laudaverat
657 2545 878 2630 Eugrephius.
922 2544 1080 2610 Scholion
1095 2543 1152 2626 [ad
1167 2542 1274 2610 Andr.

182 2661 236 2709 ιιι.
249 2648 281 2710 4.
298 2645 365 2726 14.]
387 2645 455 2711 sere
473 2645 616 2712 totidem
639 2647 750 2714 verbis
774 2647 866 2732 apud
892 2645 1119 2729 Eugraphium
1144 2646 1274 2727 legitur.

180 2745 221 2810 ln
234 2753 317 2812 nota
339 2747 397 2830 [ad
419 2747 521 2814 Andr.
547 2765 599 2812 ιν.
622 2751 654 2814 3.
680 2749 729 2830 1.]
749 2750 792 2814 sd
814 2747 973 2813 tuendam
997 2745 1275 2828 significationem

180 2847 397 2932 ‘proprium'
419 2849 509 2932 qnod
525 2849 578 2928 sit,
601 2855 812 2933 perpetuum,
831 2849 931 2914 locus
944 2845 1161 2922 nonneminis,
1177 2845 1275 2929 cujus

180 2955 290 3015 tamen
314 2967 436 3014 nomen
458 2951 627 3028 reticetur,
648 2951 805 3016 laudatur
827 2955 884 3014 ‘ut
908 2947 992 3012 illud
1014 2947 1273 3030 ‘propriamque

180 3049 342 3116 dicabo.”
387 3050 489 3116 Extat
511 3051 566 3116 hie
591 3053 686 3117 locus
711 3051 801 3137 apud
825 3048 1002 3132 Virgilium
1024 3047 1273 3115 AEn.1v.lilii.

180 3171 324 3238 eumque
338 3152 538 3218 laudaverat
551 3152 771 3238 Eugraphius,
786 3153 889 3218 ulium
905 3151 1069 3216 Donatus.
1113 3147 1223 3214 Etiam
1237 3150 1273 3214 in

179 3254 257 3337 ipso
281 3259 376 3318 textu
401 3253 631 3319 concinnando
657 3255 880 3339 Eugraphinru
906 3259 1043 3318 secutus
1067 3259 1129 3316 est.
1181 3250 1274 3317 Nam

178 3353 302 3419 fundus
321 3354 477 3419 lectionis
499 3353 566 3420 ‘ad
581 3355 810 3420 auxiliandum
826 3351 978 3438 copiam’
1000 3350 1104 3416 Andr.
1120 3365 1160 3414 ιι.
1176 3351 1206 3416 i.
1219 3351 1273 3416 20.

178 3457 279 3521 estin
294 3455 500 3540 Eugrephim
523 3455 594 3539 qui,
613 3463 700 3520 teste
717 3455 881 3533 Bentleio‚
903 3455 1006 3520 hehet
1027 3450 1095 3516 ‘ad
1108 3449 1273 3516 auxilium

179 3555 337 3640 copiam!
380 3557 496 3622 Lectio
510 3556 618 3641 jactas
631 3555 734 3622 Andr.
752 3573 787 3622 v.
816 3558 849 3620 A
864 3557 896 3620 9.
920 3561 1017 3620 extat
1039 3554 1074 3618 in
1097 3559 1181 3618 nota
1204 3552 1273 3617 Eu·

181 3660 309 3743 graphii
324 3657 368 3724 'ud
382 3659 415 3722 h.
431 3657 454 3722 l.
497 3659 568 3723 Hic
583 3665 697 3724 tamen
711 3657 895 3741 Engraphii
910 3663 942 3722 et
955 3655 1149 3722 scholiastis
1168 3655 1273 3720 nostri

181 3781 366 3826 consensus
387 3780 453 3825 non
479 3765 593 3824 tantus
614 3765 676 3838 est,
699 3767 739 3824 ut
760 3760 846 3825 hune
868 3759 1121 3842 epitomatorem
1136 3755 1190 3818 vel
1212 3767 1273 3818 ex·

180 3865 376 3949 scriptorem
401 3861 637 3927 Commentarii
668 3859 897 3944 Eugraphiani
926 3857 1081 3922 habeam.
1136 3855 1273 3922 Cetero-

180 3965 259 4049 quin
272 3963 441 4030 latinitas
456 3964 529 4047 ejus
542 3964 681 4029 barbara
694 3970 731 4030 et
743 3963 873 4028 soloeca
887 3961 971 4026 satis
984 3958 1114 4041 probat,
1135 3955 1178 4020 ed
1194 3975 1273 4022 ean-

180 4066 254 4130 dem
278 4071 412 4130 cetetem
435 4065 655 4146 ablegandum
679 4085 766 4143 esse,
793 4081 860 4146 qua
884 4059 993 4126 codex
1016 4057 1092 4140 ipse
1113 4068 1273 4124 exaratus

180 4171 239 4244 est.
261 4167 284 4230 i.
300 4185 329 4230 o.
344 4165 567 4233 adsecutum
582 4183 620 4232 x.
636 4167 690 4234 vel
704 4165 821 4251 potius
836 4179 890 4230 ιιι.
932 4160 972 4228 Si
994 4159 1084 4228 euim
1100 4157 1274 4226 Fabricius
1394 4206 1397 4214 ·
