2958 4892
402 409 450 458 ns
474 409 616 458 sannaus
637 405 909 460 suessulanus.
1136 395 1204 461 243

230 566 352 627 Tardius
366 575 400 626 ut
412 565 503 647 paulo
515 566 688 646 graviorque
703 565 815 626 veniret
829 566 868 626 ad
882 584 980 640 aures,

230 659 395 740 Spondoecs
409 659 530 722 stabiles
545 661 574 720 in
584 661 654 741 jura
664 669 789 742 paterna
802 663 913 744 recepit

229 757 411 817 Commodus
423 767 455 818 et
465 757 598 838 patieus;
619 775 680 818 non
693 767 728 818 ut
741 757 780 818 de
794 759 867 820 sede
880 759 1012 821 secunda

233 853 358 914 Cederet
371 863 542 933 autquarta
555 849 720 914 socialiter:
740 851 790 914 hic
803 863 835 916 et
847 854 878 913 iu
892 855 965 916 Acci

233 947 386 1008 Nobilibus
401 947 540 1008 trimetris
553 955 676 1028 apparet
687 965 770 1008 rarus
790 959 822 1009 et
835 949 924 1010 Enni.

233 1043 266 1103 ln
280 1061 398 1104 scenam
410 1045 519 1104 missus
532 1063 599 1105 cum
612 1061 722 1124 magno
735 1043 866 1125 pondere
879 1065 980 1106 versus

232 1140 292 1197 Aut
304 1157 402 1220 operoe
415 1139 518 1200 celeris
533 1139 654 1198 nimium
667 1159 798 1220 curaque
813 1143 953 1214 carentis,

234 1236 292 1294 Aut
306 1235 450 1314 ignoratae
463 1237 567 1316 premit
580 1237 651 1298 artis
665 1237 785 1299 crimine
797 1239 887 1318 turpi.

235 1330 302 1389 lllon
316 1331 414 1409 quiris
429 1330 508 1392 videt
520 1330 713 1393 immodulata
726 1335 865 1413 poemata
873 1332 986 1414 judex:

234 1425 271 1484 Et
285 1425 356 1486 data
366 1425 509 1488 Romanis
524 1428 611 1489 venia
623 1439 671 1489 est
683 1428 807 1508 indigna
819 1430 927 1510 poitis.

235 1519 384 1582 idcircone
397 1543 497 1603 vager,
511 1523 696 1603 scribamque
709 1523 851 1586 licenter?
870 1533 905 1585 ut
916 1543 1018 1586 omnes

234 1615 356 1678 Visurcs
369 1629 493 1697 peccata
507 1629 606 1700 putem
620 1637 697 1692 mea,
709 1629 792 1681 tutus
805 1629 837 1680 et
850 1621 927 1681 intra

236 1711 324 1792 Spem
338 1715 433 1776 venian
446 1713 573 1775 cautus?
593 1714 682 1776 vitavi
697 1713 826 1794 denique
839 1715 969 1795 culpam,

234 1807 301 1869 Non
316 1811 434 1874 laudern
447 1813 551 1874 merui.
591 1813 654 1874 Vos
663 1813 844 1894 exemplaria
858 1813 967 1877 Graeca

239 1903 391 1968 Nocturna
404 1919 519 1970 versate
532 1929 634 1984 manu,
647 1919 763 1971 versate
778 1909 896 1972 diurna.

238 2003 277 2060 At
289 2003 378 2063 vestri
391 2007 491 2084 proavi
504 2005 660 2068 Plautinos
674 2016 705 2066 et
718 2025 855 2068 numeros
867 2017 899 2067 et

239 2097 407 2161 Mudavere
423 2101 519 2165 sales:
541 2102 662 2163 nimium
675 2101 821 2182 patienter
834 2113 1002 2180 utrumque,

239 2193 285 2254 Ne
298 2195 406 2267 dicam,
420 2197 511 2258 stulte
525 2195 638 2266 minatis
660 2197 685 2258 si
699 2197 788 2258 ruodo
802 2217 859 2277 ego
873 2207 904 2257 et
917 2215 971 2258 ros

239 2291 354 2352 Scimus
368 2293 543 2354 inurbanum
555 2292 656 2372 lepido
671 2311 814 2372 seponere
827 2292 917 2366 dicto,

240 2386 472 2470 legitimumque
487 2405 592 2449 sonum
607 2385 708 2468 digitis
720 2387 863 2449 callemus
877 2395 907 2448 et
920 2405 1000 2448 aure.

128 2529 258 2590 Candide
272 2532 367 2612 tnagis
380 2531 419 2592 de
432 2531 468 2592 iis
477 2529 603 2611 judicat,
614 2531 839 2594 venustissimus
853 2531 884 2592 in
899 2531 980 2593 tenui
994 2531 1115 2592 materia
1125 2531 1215 2608 scrip·

129 2637 179 2698 tor,
191 2625 384 2688 Terentianus
397 2627 531 2700 Maurus,
546 2647 575 2706 p.
591 2628 682 2688 24³3.

321 2757 466 2838 culpatur
480 2765 579 2816 autem
594 2772 695 2814 versus
708 2753 739 2812 in
752 2749 928 2830 'l'ragoediis‚

320 2852 360 2912 Et
371 2869 454 2912 rarus
469 2851 559 2912 intrat
572 2867 609 2910 ex
622 2847 727 2908 iambis
740 2845 897 2908 omnibus:

325 2948 366 3008 Ut
379 2947 429 3008 illa
443 2959 557 3019 contra,
571 2945 621 3026 qui
636 2943 769 3004 secundo
781 2951 813 3002 et
824 2940 934 3002 talibus

323 3042 495 3124 Spondoecn
509 3056 561 3104 aut
574 3060 663 3121 quem
675 3057 843 3120 comparem
857 3035 1007 3117 receperit.

324 3139 384 3200 Sed
398 3139 449 3218 qui
462 3138 616 3219 pedestres
630 3133 746 3198 fabulas
761 3135 856 3194 Soccu
869 3141 1014 3212 premunt,

324 3235 364 3295 Ut
377 3255 445 3314 qua
458 3234 620 3312 loquuntur
634 3241 732 3292 sumta
742 3227 780 3288 de
793 3229 856 3289 vita
869 3239 965 3307 putee,

326 3331 441 3406 Vitiapt
453 3330 572 3390 iambcn
586 3326 729 3388 tractibus
743 3323 924 3404 spondaicis‚

326 3427 365 3486 Et
379 3426 408 3485 in
425 3423 558 3486 secundo
571 3433 601 3484 et
614 3422 720 3482 ceteris
733 3439 819 3500 taque
833 3418 927 3480 locis:

328 3521 489 3602 Fidemque
503 3519 581 3580 lictis
592 3516 663 3578 dum
677 3526 836 3596 procurant
849 3514 968 3586 tabulis,

330 3619 364 3678 ln
379 3629 473 3680 metra
485 3625 622 3700 peccant,
637 3623 710 3687 arte,
723 3631 784 3673 nun
797 3610 933 3672 inscitia:

329 3715 376 3776 Ne
392 3713 452 3774 sint
464 3730 572 3772 sonora
586 3709 674 3770 verba
687 3705 923 3776 consuetudinis,

330 3811 515 3890 Paulumque
529 3825 631 3869 rursm
646 3803 779 3864 asclutis
791 3800 938 3860 differant.

330 3907 430 3987 Magis
445 3903 624 3975 illanostri:
647 3919 715 3960 uam
729 3899 790 3958 iere
805 3893 921 3956 Grecis
934 3903 1023 3952 tenax

327 4003 409 4064 Cura
422 4012 469 4062 est
482 4000 582 4072 iambi,
597 3997 642 4059 rel
652 3993 777 4056 novellis
790 3990 923 4063 cornicis,

330 4099 386 4160 Vel
400 4099 451 4178 qui
464 4105 584 4158 vetusta
594 4092 759 4174 praecluent
771 4087 934 4150 Conroedie.

131 4215 270 4274 Ceterum
295 4211 376 4292 quod
400 4211 431 4271 in
454 4210 587 4290 utrisque
608 4207 754 4288 vituperat
767 4203 904 4276 Flaccus,
926 4198 1005 4261 etin
1027 4193 1155 4256 comicis
1174 4207 1225 4252 er·
