2958 4892
337 447 342 456 ·
423 425 497 472 ”nn
516 425 668 476 00111018
692 425 884 479 vulturnus.

119 568 171 628 Et:

393 663 431 724 lit
445 681 586 742 equorum
601 661 729 724 duellica
742 665 850 742 proles.

118 759 169 820 libi
181 768 213 820 et
225 761 367 837 ώλλιιψιι
380 777 446 820 esse
459 765 560 838 potest
572 765 581 792 ‘
593 758 684 819 duel:
725 760 783 820 Et:

390 855 429 914 Et
442 855 542 914 sonitu
556 855 674 916 sterilia.

118 949 185 1009 ltem
196 971 205 1010 :

388 1045 417 1105 N
420 1065 477 1108 unc
492 1047 554 1106 scio
568 1043 643 1125 quid·
658 1045 697 1104 sit
710 1063 801 1106 amor.

115 1171 203 1231 ‘Sco'
222 1172 283 1232 κατ’
295 1173 517 1255 ἐπισυναλοιφλν
531 1173 702 1254 legendum,
723 1181 758 1232 ut
782 1172 918 1233 Diomedi
932 1174 1039 1254 piacet.
1081 1176 1198 1268 Sodes:

115 1265 137 1324 si
158 1265 258 1326 andes.
300 1268 413 1328 Sultis:
435 1268 459 1328 si
482 1268 582 1340 ruitis,
609 1268 669 1328 κατ’
692 1269 831 1344 ἔκθλιψιν.
872 1269 973 1342 Suam,
998 1291 1079 1332 sam:
1101 1292 1197 1344 suum,

116 1379 187 1422 sum:
210 1363 283 1436 suis,
298 1363 360 1422 sis:
381 1381 459 1433 eum,
473 1363 532 1422 im:
554 1382 654 1443 eapse,
668 1381 704 1422 eo
717 1364 800 1443 ipso:
822 1383 920 1444 sapsa,
934 1385 966 1426 se
980 1366 1066 1446 ipsa:

225 1490 389 1570 Postquam
402 1491 511 1551 lumina
525 1492 565 1550 sis
580 1491 674 1550 oculis
688 1493 783 1551 bonus
797 1493 898 1552 Ancus
912 1492 1039 1572 reliquit.
1084 1547 1086 1550 .

223 1587 360 1666 Virgines
374 1607 442 1648 nam
456 1587 512 1648 sibi
524 1587 650 1668 quisque
664 1587 742 1648 domi
758 1588 910 1647 Romanus
923 1587 1013 1648 habet
1026 1607 1087 1650 sas.

223 1683 291 1751 Qno
305 1701 352 1742 res
366 1702 456 1762 sapsa
469 1683 535 1744 loco
549 1702 614 1743 sese
627 1691 815 1762 ostentatque
824 1683 978 1762 jubetque.

111 1810 193 1881 Tuus,
207 1821 276 1870 tus:
297 1820 357 1883 tna,
374 1824 423 1872 ta:
445 1829 518 1882 suoe,
542 1831 595 1872 sa:
618 1821 672 1870 aut
693 1813 831 1888 συλλήψει
843 1811 1075 1890 μοιοιηιλλὰβωι,
1099 1815 1193 1875 sicut:

110 1908 210 1966 suauis.
254 1907 312 1966 Est
324 1915 355 1966 et
367 1909 471 1967 crebra
484 1908 619 1984 ἔιθλιψιι,
641 1917 671 1966 et
694 1919 798 1988 postea
811 1910 993 1970 contractior
1015 1921 1057 1982 nt,
1077 1929 1195 1970 amave·

110 2012 178 2072 runt,
191 2001 370 2074 decreverat,
391 2003 599 2064 commoverit:
622 2015 766 2077 amarunt,
790 2004 932 2076 decrerat,
954 2005 1115 2068 commorit.
1157 2005 1196 2065 Et

109 2095 180 2174 apud
195 2097 383 2158 Lucretium:

384 2192 484 2254 lrritnt
494 2193 630 2254 virtutem
645 2195 743 2256 animi.

108 2283 160 2344 Pro
173 2287 311 2348 irritavit.
351 2289 456 2362 Sultis,
470 2307 533 2368 pro,
548 2289 572 2348 si
587 2289 695 2350 vultis:

216 2382 345 2444 Pandite
361 2383 447 2445 sultis
463 2403 555 2464 genes
570 2394 600 2446 et
612 2385 703 2446 corde
716 2383 873 2464 relinquite
887 2401 1031 2444 somnum.

108 2507 229 2569 Omnino
243 2521 354 2582 autern,
377 2531 436 2590 quo
451 2511 546 2570 minus
560 2513 753 2592 corriperetur
775 2511 985 2592 pronuntiatio,
1006 2529 1065 2571 uon
1080 2513 1196 2572 obstitit

106 2601 256 2664 Veteribus
271 2627 289 2664 u
305 2625 358 2684 pro
372 2617 575 2666 consonanter
597 2617 631 2666 nt
650 2607 740 2667 ‘Sine
765 2608 875 2668 invidia
898 2607 1015 2667 leudem
1039 2607 1194 2668 invenias!

107 2695 156 2756 Est
167 2699 243 2758 enim
256 2699 308 2758 Sin
323 2700 396 2760 inid.
409 2700 572 2782 τρίβραχιιι.
607 2701 727 2775 Audivi,
741 2701 831 2762 audii.
874 2701 1000 2763 Eliditur
1011 2713 1041 2760 et
1054 2703 1138 2762 litera
1151 2721 1193 2768 m.

105 2791 249 2854 ‘Multum
275 2795 324 2853 ille
339 2805 370 2854 et
384 2795 490 2855 terris!
529 2797 616 2854 Hanc
637 2795 820 2854 collisionem
834 2806 951 2854 vocant.
993 2795 1088 2855 Etiam
1109 2797 1194 2857 litera

104 2889 122 2946 b
136 2905 192 2948 non
217 2893 330 2951 obstitit
343 2891 488 2952 interdum
503 2891 695 2950 contractioni
709 2889 907 2970 syllabarum:
924 2903 967 2963 ut,
982 2893 1040 2963 abi,
1053 2898 1193 2972 μινοσυλ-

101 2983 190 3059 utum
214 2988 378 3066 prolatum:
407 2993 531 3063 συγκοπὴ
556 2999 602 3047 est
626 2987 767 3060 concisio,
791 3005 859 3046 cum
882 2987 997 3066 syllaba
1022 2987 1192 3048 diminuitur

103 3083 226 3144 verbum.
269 3083 335 3156 Nis,
349 3103 413 3163 pro,
427 3084 533 3143 nobis:
555 3083 676 3155 scilicet,
701 3102 764 3163 pro,
790 3083 867 3143 scias
888 3082 979 3142 licet:
1000 3083 1109 3162 capsis,
1128 3103 1193 3164 pro,

101 3198 169 3258 cape
184 3180 208 3238 si
224 3181 278 3239 ris.
299 3179 416 3252 Emem,
426 3199 489 3259 pro,
504 3179 640 3240 eundem.
669 3181 755 3240 Cette
768 3199 884 3252 manns,
897 3199 961 3260 pro,
972 3179 1078 3242 cedite.
1106 3181 1190 3243 Actae

102 3293 155 3336 noo
171 3276 229 3335 alio
243 3295 312 3356 rega
325 3277 458 3356 puertiae,
472 3295 536 3356 pro,
550 3277 702 3357 pueritioe:

218 3401 343 3463 Evastii
363 3401 453 3463 credo
466 3413 591 3477 metues,
613 3403 778 3484 doctusque
791 3404 921 3477 cavebis,

216 3499 315 3570 Viset,
329 3498 377 3558 oui
391 3499 481 3558 vitam
496 3500 579 3558 Deus
594 3509 625 3559 et
637 3519 694 3560 suo
706 3500 811 3562 dextra
823 3499 965 3562 dediscat.

218 3595 323 3654 Motus
336 3613 453 3673 quoque
467 3613 587 3674 surpere
601 3595 698 3656 debet.

212 3689 290 3760 Quae
303 3709 350 3750 me
365 3701 519 3769 surpuerat
532 3690 612 3750 mihi.

99 3815 221 3879 Extritio
235 3827 334 3877 antem
348 3817 464 3898 proprie
478 3819 564 3879 unius
580 3827 693 3879 tantum
707 3817 799 3877 literar
814 3825 870 3886 est,
895 3825 927 3874 ut
949 3814 999 3872 illa
1018 3817 1142 3891 ἔκθλιψιι
1153 3817 1188 3875 li·

94 3925 161 3973 terre
175 3933 218 3987 m,
233 3923 265 3973 et
277 3913 371 3974 literae
384 3935 415 3987 u,
429 3933 482 3994 pro
497 3925 680 3975 consonante
692 3934 700 3972 :
722 3924 762 3984 et,
776 3911 899 3980 caldior,
912 3909 1029 3980 laurum,
1049 3929 1107 3990 pro
1116 3911 1188 3970 cali·

96 4005 165 4083 dior,
186 4010 328 4070 lamine:
349 4011 425 4083 istic,
448 4011 543 4090 priore
566 4011 663 4071 brevi:
686 4007 723 4068 eb
748 4007 814 4076 olis,
836 4023 899 4083 pro,
920 4005 957 4063 ab
978 4004 1054 4064 illis:
1075 4007 1188 4087 antiqui

94 4107 167 4166 enim
184 4106 302 4166 literam
317 4125 377 4165 nou
393 4107 593 4185 geminabant,
614 4116 648 4166 ut
671 4105 767 4184 inquit
788 4101 912 4162 Festus:
933 4101 984 4180 qui
1004 4111 1034 4160 et
1047 4101 1188 4164 sensuram

93 4195 198 4278 disere,
221 4219 312 4282 quam
326 4202 503 4282 posteriores
517 4199 710 4280 τρισνλλᾶβωι
723 4201 892 4262 fenestram.
933 4197 1023 4271 Scor,
1037 4199 1083 4259 rel
1103 4219 1187 4272 snex,
