2966 4890
421 407 470 458 nu
494 405 634 456 neurus
657 405 926 456 rnnunrrnnrs.
1159 391 1225 456 253

118 561 181 612 tom
202 549 232 609 iu
251 548 359 610 ultima
373 547 474 622 habet,
498 559 604 629 praeter
616 549 734 609 unicam
748 546 839 621 illam,
854 547 946 608 virium
958 566 966 608 ι
988 547 1078 626 idque
1091 558 1170 610 recte
1184 551 1223 611 ob

120 665 248 726 sequens
264 646 434 718 encliticon,
448 665 525 724 que:
551 645 632 724 quod
653 644 701 705 hic
715 645 805 704 semel
821 642 942 717 dictum,
956 644 987 704 in
1001 644 1139 705 Terentio
1152 665 1222 725 pes·

119 745 174 804 sim
187 743 261 812 fieri,
275 740 502 804 animadvertes.
549 741 631 801 ldem
646 741 778 800 efficiunt
793 760 851 813 suu,
865 761 918 812 re,
932 760 988 800 su:
1010 741 1150 802 Miseram
1166 763 1224 826 me,

117 840 203 918 qnod
217 839 339 900 verbum
355 836 468 898 audio?
491 837 601 916 quippe
620 835 687 896 haec
701 835 825 908 Latinis,
838 845 873 894 ut
887 836 985 908 etiam,
1001 855 1072 910 reru,
1085 838 1224 898 enclitics

123 947 203 1008 snut,
219 949 253 994 ιιι
265 933 380 994 Graecis
401 933 472 1004 ME,
491 933 551 994 ΣΕ.
592 931 704 992 Eadem
718 941 766 991 est
779 941 810 992 et
820 931 1057 1010 interrogationis
1071 932 1135 1001 vis;
1161 934 1223 996 sire

122 1049 190 1090 cunr
203 1050 244 1091 ne
257 1030 406 1100 enclitico,
419 1029 481 1090 sire
493 1029 605 1108 absque
617 1047 667 1090 ne.
695 1028 730 1086 Io
742 1027 799 1088 hac
813 1027 901 1107 igitur
912 1027 1119 1088 concinnitatis
1132 1029 1222 1089 laude

121 1127 250 1206 palmam
264 1125 399 1186 omuibus
413 1123 567 1203 praeripuit
579 1123 752 1192 Terentius:
768 1143 891 1200 eamque
907 1132 940 1182 ut
953 1124 1094 1202 consequi
1108 1136 1221 1205 posset,

122 1231 198 1282 utet
211 1221 319 1280 vetitos
333 1221 410 1280 ictus
425 1219 576 1298 effugeret,
590 1230 621 1280 et
632 1219 777 1280 vocabule
788 1229 885 1278 tamen
901 1217 1133 1296 significantiore
1146 1241 1223 1282 sem·

125 1335 177 1396 per
190 1318 248 1377 sub
261 1317 322 1376 ictu
336 1327 477 1395 poneret;
503 1333 563 1376 uon
585 1314 696 1374 minore
718 1313 818 1374 studio
836 1313 1008 1392 judicioque
1021 1316 1110 1376 rerba
1122 1313 1223 1396 dispo·

123 1409 193 1486 suit,
214 1421 246 1470 et
259 1429 277 1470 a
290 1430 387 1490 prosoe
400 1409 541 1471 orationis
556 1409 658 1470 ordine
672 1408 810 1470 decenter
831 1409 957 1482 invertit,
976 1429 1064 1490 quarn
1085 1411 1223 1474 mirificus

125 1507 153 1566 in
167 1507 225 1567 hac
240 1507 361 1565 materie
374 1505 479 1566 artifex
491 1505 555 1583 ipse
568 1504 720 1582 Virgilius.

162 1601 335 1662 Priscianus
349 1599 387 1660 de
401 1599 535 1666 versibus
550 1598 672 1659 comicis
687 1608 796 1672 narrat,
811 1599 921 1660 ‘fuisse
935 1599 1092 1679 quosdam,
1106 1602 1157 1682 qui
1171 1603 1223 1664 ab·

122 1709 269 1776 negarent
283 1695 345 1756 ulle
358 1712 424 1756 esse
438 1695 469 1754 in
483 1695 612 1754 Terentii
628 1693 785 1754 Comoediis
801 1705 914 1754 metra:
935 1693 980 1756 vel
1005 1715 1050 1770 ea,
1071 1701 1157 1776 quasi
1177 1719 1224 1762 ar-

125 1811 198 1854 cane
211 1791 351 1870 quadam
366 1802 397 1850 et
408 1792 447 1850 ab
461 1789 595 1850 omnibus
608 1789 707 1848 doctis
721 1798 846 1861 semota,
867 1790 923 1850 sibi
937 1791 1009 1850 solis
1023 1811 1089 1852 esse
1103 1796 1223 1874 cognite

126 1888 351 1946 confirmarent!
392 1884 504 1945 Ibidem
520 1885 571 1957 eit,
597 1892 605 1919 ¹
619 1883 731 1942 Omnes
746 1883 864 1962 quidem
881 1885 1019 1946 Comicus
1031 1889 1140 1950 crebris
1154 1911 1224 1971 syu-

125 1981 246 2060 uloephis
261 1992 293 2040 et
306 1979 534 2061 episynaloephis
551 1991 582 2040 et
605 1979 808 2040 collisionibus
823 1989 853 2040 et
866 1981 1079 2060 abjectionibus
1095 1986 1116 2045 S
1131 1986 1223 2048 literae

125 2078 215 2138 luisse
241 2095 313 2137 usos
334 2075 510 2136 scandendo
533 2095 635 2136 versus
660 2094 748 2143 suos;
769 2076 975 2138 Τιιιιιιιιιιιιιι
1004 2098 1118 2140 suren
1142 2101 1222 2144 snus

127 2175 300 2234 onerans?
338 2171 447 2230 Verum
462 2171 594 2250 prolecto
607 2169 664 2230 hoc
678 2179 743 2237 esta
765 2181 795 2230 et
809 2190 900 2230 cause
921 2174 1018 2245 unica,
1039 2193 1092 2236 cur
1113 2179 1223 2258 megis-

124 2267 185 2328 telli
212 2267 264 2327 isti
288 2265 335 2330 vel
362 2277 506 2346 negarent
527 2275 621 2327 metra
641 2285 707 2326 esse
731 2265 811 2345 apud
835 2265 986 2340 Nostrum,
1009 2263 1054 2329 vel
1069 2281 1102 2330 ut
1115 2289 1224 2334 arcane

125 2363 263 2444 quaedam
285 2357 480 2423 venditarent.
523 2361 611 2432 Quod
627 2382 696 2422 vero
709 2361 759 2422 hic
773 2361 902 2441 queritur
916 2373 947 2423 et
960 2359 1128 2426 criminatur
1141 2388 1224 2448 mag·

123 2480 181 2520 nus
194 2458 417 2539 grammaticus,
437 2476 497 2517 non
521 2459 622 2518 vitium
646 2469 703 2532 est,
724 2457 777 2518 sed
792 2457 884 2518 virtus
896 2459 1024 2520 Terentii
1038 2462 1150 2542 prima:
1172 2466 1223 2546 qui

122 2553 315 2634 syneloepbas
329 2553 395 2613 illes
410 2553 480 2614 data
495 2571 585 2634 opera
599 2563 788 2613 consectatus
804 2564 868 2623 est:
890 2573 950 2634 quo
965 2555 1088 2636 syllabae
1110 2557 1222 2620 ultimae

120 2641 321 2729 liquescerent
334 2651 592 2730 coalescereutque
605 2671 674 2711 cum
693 2651 901 2729 sequentibus;
927 2671 1021 2730 eoque
1037 2651 1165 2712 vetitiae
1181 2655 1223 2712 vi-

121 2745 191 2805 tiosi
205 2746 236 2804 in
253 2745 361 2806 ultimis
375 2747 451 2807 ictus
466 2745 621 2806 artificiose
635 2744 844 2824 effugarentur.
876 2745 933 2804 Hm
947 2765 1016 2805 vero
1030 2745 1222 2826 synaloephas,

123 2859 194 2919 quse
209 2845 347 2902 tenebras
362 2841 433 2902 olim
455 2841 605 2921 magistris
628 2839 806 2913 offuderunt,
823 2839 884 2918 jam
910 2841 940 2899 in
961 2850 1063 2901 nostra
1084 2841 1223 2916 editione,

122 2938 348 3014 percussionum
361 2937 523 2998 intervallis
539 2937 690 3012 distincta,
711 2955 748 2997 ne
767 2937 864 3016 pueris
878 2936 997 3016 quidem
1013 2937 1164 3016 negotium
1178 2939 1222 2999 ln-

122 3043 257 3092 cessent.

166 3127 276 3212 Totum
290 3139 387 3190 autem
398 3129 465 3202 hcc,
476 3130 557 3209 quod
571 3130 609 3191 de
623 3131 684 3191 ictu
697 3131 728 3190 in
738 3129 849 3192 ultimis
860 3127 982 3210 syllabis
996 3138 1116 3188 cautum
1130 3129 1222 3191 fuisse

122 3221 266 3293 diximus,
285 3223 323 3283 de
349 3223 481 3284 secunda
501 3236 617 3286 tentum
631 3225 752 3286 trimetri
767 3224 881 3303 irruite
894 3224 1088 3305 capiendum:
1111 3228 1222 3286 namin

120 3319 223 3396 prime
236 3329 267 3376 et
278 3319 365 3379 tertia
379 3339 494 3400 semper
508 3321 610 3388 licuitr
632 3321 778 3399 siquidem
798 3323 855 3382 ista
876 3323 939 3382 siue
953 3322 1041 3382 venie
1055 3323 1222 3383 conclama·

120 3426 189 3472 tum
204 3425 361 3492 actumque
375 3425 439 3474 eret
452 3415 489 3474 de
499 3416 652 3476 Comoedia
665 3415 879 3496 Tragoediaque
895 3417 1009 3480 Latine.
1051 3419 1127 3477 Cum
1136 3417 1223 3498 igitur

118 3507 206 3570 bunc
222 3529 338 3569 versum
353 3510 521 3592 similesque
536 3511 615 3591 apud
631 3511 773 3572 Nostrum
788 3511 915 3572 videris:

247 3660 361 3722 Mallum
375 3661 456 3743 quod
470 3661 519 3723 isti
534 3661 573 3722 Di
588 3661 720 3742 Deaeqne
732 3659 835 3723 omnes
850 3659 956 3720 duint:

115 3833 198 3874 cave
213 3813 285 3874 vitio
308 3813 339 3873 id
363 3816 460 3895 poetae
484 3815 626 3882 verteris;
648 3813 714 3888 etsi,
740 3813 865 3887 Mallum,
884 3812 957 3873 illud
972 3821 1012 3885 et,
1027 3810 1139 3882 omues,
1153 3811 1178 3872 si
1193 3812 1223 3872 iu

113 3908 276 3971 communi
298 3909 364 3987 quis
379 3927 513 3970 sermone
526 3909 570 3970 sic
584 3911 724 3982 acuisset,
747 3907 909 3970 deridiculo
922 3907 1038 3968 luisset.
1080 3907 1224 3968 Nimirum

112 4024 212 4066 aures
227 4003 273 4063 vel
289 4003 388 4064 iuritae
408 4006 550 4085 patienter
571 3999 603 4064 id
623 4005 767 4079 ferebant,
788 4005 922 4084 sineque
937 4023 974 4064 ne
988 4023 1047 4062 una
1060 4002 1178 4084 quidem
1192 4004 1223 4062 in

111 4099 241 4164 Fabula
265 4119 356 4159 sceno
377 4110 494 4182 poterat
514 4099 636 4160 edolari.
680 4099 758 4168 Quin
780 4109 811 4159 et
832 4099 954 4159 Grtecos
968 4101 1048 4179 ipsos
1063 4097 1165 4159 eadem
1180 4107 1223 4158 te·

111 4200 187 4258 nuit
204 4197 381 4269 necessitas,
401 4195 506 4258 eadem
520 4215 610 4276 passa
623 4204 671 4258 est
684 4195 878 4276 indulgentia.
920 4195 996 4257 Cum
1010 4191 1221 4278 Aristophanes

107 4292 211 4366 dixit,
