2948 4890
261 387 304 454 98
488 393 668 450 nunrnnrs
693 389 841 442 nntssu
867 389 1130 441 ntssnnrurto.

343 547 410 605 lam
426 555 488 604 turn
503 551 566 603 erat
580 559 681 612 senex,
696 547 835 600 senectus
850 538 874 598 si
888 534 1072 597 verecundos
1088 537 1168 598 lacit.

342 642 389 700 An
399 659 466 701 mea
476 639 570 698 forma
581 647 669 715 atque
680 645 754 696 retas
764 635 827 714 jam
839 633 933 712 magis
944 633 1111 714 expetenda
1122 643 1177 706 est,
1193 633 1358 713 Demipho?

341 737 421 805 Quid
446 735 516 796 mihi
539 753 618 794 nunc
644 732 742 805 affers,
765 733 955 812 quamobrem
981 740 1145 812 expectem,
1168 741 1357 810 autspetcm,

419 851 507 914 porro
521 850 580 890 non
597 827 679 888 iore?

263 965 311 1035 Et,
339 958 578 1042 quandoquidem
594 953 778 1038 simplicitas,
802 955 929 1016 maxima
953 967 1075 1016 moratae
1096 955 1237 1017 orationis
1257 958 1357 1029 virtus,

264 1059 288 1118 si
303 1057 481 1128 intendatur,
496 1055 672 1116 suavitatem
696 1053 792 1132 parit;
820 1071 906 1112 nemo
931 1051 994 1113 sine
1017 1053 1182 1114 incredibili
1197 1073 1232 1116 ac
1247 1073 1359 1114 summa

263 1155 412 1234 voluptate
426 1151 499 1214 illud
514 1149 671 1212 Bacchidis
685 1150 784 1228 leget:
1169 1165 1172 1172 ¹

544 1280 638 1342 Recte
653 1281 769 1354 amasti,
783 1279 946 1361 Pamphile,

345 1379 472 1439 Uxorem
486 1387 585 1438 tuam:
607 1395 676 1436 nam
701 1395 853 1455 nunquam
877 1387 946 1437 ante
968 1375 1045 1436 hanc
1071 1375 1150 1436 diem
1169 1375 1243 1435 meis
1264 1373 1356 1435 oculis

423 1495 499 1546 eam,
510 1473 590 1553 quod
606 1491 734 1544 nossem,
749 1473 890 1533 videram.

344 1570 529 1632 Perliberalis
543 1570 606 1628 visa
616 1581 671 1630 est.

262 1703 392 1782 ideoque
408 1701 527 1762 Fabulae
541 1701 726 1761 Terentiana
742 1699 903 1759 doctiorem
927 1697 1110 1770 histrionem,
1129 1717 1217 1776 quam
1232 1697 1358 1778 reliquo-

263 1819 338 1870 rum,
362 1797 583 1858 desiderabant.
646 1797 768 1874 Semper
793 1795 880 1866 enim,
903 1815 970 1874 quae
992 1805 1105 1854 morata
1127 1803 1174 1854 est
1198 1795 1302 1866 oratio,
1326 1801 1358 1880 τῇ

264 1897 402 1970 ὑποκρίσει
417 1891 576 1952 fulcienda.
620 1891 697 1950 Nam
721 1909 789 1968 quas
804 1891 932 1968 moribus
954 1889 1167 1970 affectibusque
1181 1891 1358 1962 destituitur,

263 2001 341 2050 teste
370 1987 561 2069 Philosopho,
589 1997 636 2048 est
662 1991 848 2066 ἀνυπόκριτος.
890 1987 995 2067 Neque
1019 1986 1081 2048 ulla
1105 1989 1164 2049 lere
1188 1989 1270 2068 apud
1292 2009 1358 2049 eum

241 2125 244 2130 ·
265 2087 378 2166 syllaba
392 2097 483 2159 extat,
497 2107 564 2165 qum
579 2105 637 2144 non
653 2085 742 2144 animi
757 2095 809 2144 aut
823 2083 946 2144 affectus
962 2084 1086 2164 alicujus
1106 2085 1145 2144 sit
1158 2083 1257 2144 index.
1292 2086 1358 2145 Jam

263 2195 298 2242 ut
311 2183 347 2242 ad
363 2183 488 2261 lepores,
503 2182 591 2254 sales,
607 2181 726 2261 gratias,
741 2191 772 2242 et
786 2191 955 2242 venustates
975 2183 1144 2248 veniamus:
1167 2191 1280 2241 certum
1303 2191 1359 2252 est,

264 2280 324 2338 sere
338 2299 439 2339 omnes
451 2297 502 2338 eas
517 2278 579 2337 tolli
594 2299 611 2337 a
625 2277 760 2351 ridiculo,
780 2299 838 2340 non
854 2299 940 2339 secus
955 2297 1043 2358 quam
1063 2278 1092 2336 in
1107 2278 1168 2338 vita
1181 2279 1218 2336 ab
1232 2297 1359 2337 excessu

263 2395 376 2434 morum
400 2377 502 2447 virtus,
527 2377 564 2434 ab
587 2395 712 2436 excessu
736 2385 895 2456 apparatus
920 2377 949 2435 in
973 2395 1063 2436 scena
1088 2375 1199 2435 tollitur
1211 2375 1359 2454 voluptas.

264 2472 363 2539 Quare
379 2471 544 2530 Menandro
558 2491 594 2531 ac
607 2473 743 2532 Terentio
756 2471 872 2551 lepores
887 2473 1020 2533 tribuunt
1030 2474 1153 2552 antiqui,
1161 2472 1239 2534 sales
1250 2471 1359 2532 Plauto

265 2569 406 2627 Horatius
436 2567 592 2628 concedit:
628 2586 703 2646 quos
732 2587 947 2646 nonnunquam
981 2567 1141 2629 inurbanos
1167 2587 1234 2629 esse
1262 2578 1358 2628 notat.

265 2664 343 2724 Audi
357 2663 561 2723 Paterculum:
584 2664 775 2742 ‘Duloasqne
798 2664 896 2724 Latini
918 2665 1026 2744 leporis
1049 2665 1164 2726 facetiae
1187 2685 1240 2744 per
1263 2665 1360 2725 Caeci·

261 2761 344 2832 lium,
358 2761 595 2838 Terentiumque,
609 2770 639 2820 et
652 2760 805 2820 Afranium
820 2762 949 2840 subpari
963 2771 1051 2822 astate
1064 2761 1245 2822 tinnierunt!
1260 2761 1359 2821 Grmci

263 2858 380 2937 χάριτας
393 2867 423 2916 et
437 2859 649 2937 χαριεντισμούε
662 2867 779 2918 vocant.
822 2857 1016 2918 Remissiores
1031 2867 1100 2918 sunt
1119 2857 1207 2930 enim,
1222 2877 1312 2936 quam
1326 2867 1359 2918 ut

262 2953 353 3012 risum
379 2952 521 3012 violenter
545 2965 699 3014 moveant:
734 2955 1016 3033 circumspectiores,
1044 2973 1134 3032 quam
1160 2963 1195 3014 ut
1221 2954 1358 3034 frigeant.

263 3049 433 3108 Absurdum
447 3048 523 3107 enim
548 3069 628 3127 saepe
650 3067 742 3110 causa
764 3059 811 3110 est
834 3051 921 3124 risus,
944 3059 996 3108 aut
1020 3049 1201 3110 inusitatum.
1245 3051 1358 3110 Contra

263 3155 361 3204 autem
375 3161 481 3212 sermo,
505 3143 556 3220 qui
571 3157 601 3203 et
619 3145 747 3204 usitatus
770 3155 801 3204 et
813 3157 953 3218 moratus,
976 3146 1085 3225 quique
1098 3145 1204 3206 leniter
1217 3144 1356 3206 decorum

263 3249 370 3309 servat,
386 3237 462 3297 sicut
476 3257 512 3297 eo
530 3238 595 3317 ipso
619 3240 652 3298 tit
668 3252 809 3301 venustus
824 3251 854 3300 et
867 3240 1012 3308 delectat3
1034 3241 1075 3301 ita
1088 3240 1208 3321 quidam
1229 3243 1357 3302 eminere

257 3335 318 3414 joci
333 3344 467 3413 possunt.
512 3335 570 3403 Qui
595 3335 713 3414 quidem
739 3337 769 3396 in
793 3337 848 3397 hoc
873 3337 956 3408 Afro,
978 3337 1047 3414 (nisi
1071 3336 1162 3396 Laelio
1185 3357 1236 3398 eos
1258 3339 1356 3418 potius

263 3449 297 3488 ac
312 3429 443 3509 Scipioni
457 3430 630 3492 tribuendos
645 3435 745 3511 putes)
758 3443 788 3492 et
802 3432 979 3505 Menandro,
1002 3431 1026 3492 si
1036 3431 1182 3512 judicium
1197 3433 1313 3492 Horatii
1327 3443 1357 3494 et

262 3525 447 3601 antiquorum
463 3527 621 3606 sequimur,
644 3511 681 3588 ex'
703 3528 807 3589 eodem
831 3529 905 3601 sale,
928 3549 1018 3609 equo
1032 3541 1103 3590 nata
1116 3531 1218 3590 Venus
1233 3539 1289 3604 est,
1303 3529 1355 3590 dc·

262 3622 367 3700 promti
382 3621 526 3682 videntur.
569 3623 646 3683 Ecce
660 3625 757 3683 statim
774 3625 897 3696 Andria,
911 3625 978 3686 Act.
991 3647 1022 3686 r.
1037 3628 1134 3686 Scena
1148 3629 1177 3686 4.

501 3749 585 3808 Davo
599 3750 675 3809 istuc
689 3750 796 3816 dedam
805 3753 867 3831 jam
883 3755 993 3832 negoti.
1036 3755 1067 3814 S.
1091 3755 1158 3814 Non
1173 3764 1281 3832 potest.
1347 3821 1354 3834 ,

342 3845 376 3904 Ρ.
399 3844 480 3913 Quil
521 3846 553 3906 S.
576 3847 653 3914 Quia
666 3847 756 3909 habet
770 3850 850 3910 aliud
866 3851 960 3930 magis
975 3871 1011 3911 er
1027 3871 1103 3924 sese,
1117 3861 1149 3912 et
1166 3850 1273 3929 majus.

422 3939 456 4000 P.
473 3941 644 4008 Quidnam?
686 3943 717 4002 S.
739 3945 863 4005 Vinctus
876 3959 931 4007 est.

341 4037 375 4094 P.
399 4037 496 4108 Pater,
510 4057 568 4095 non
585 4047 663 4098 recte
679 4041 794 4101 vinctus
809 4054 863 4103 est.
907 4047 937 4103 S.
962 4045 1050 4104 Haud
1065 4045 1107 4106 ita
1116 4045 1201 4126 jussi.

260 4165 327 4222 lum
343 4165 531 4226 Gnathonem
548 4168 633 4226 vide:
656 4171 705 4247 qui
729 4191 795 4231 curn
820 4174 937 4252 putidos
963 4174 1123 4234 Thrasonis
1147 4195 1243 4234 mores
1268 4173 1356 4235 Pltae·
1397 4259 1403 4270 .
