2958 4892
372 391 420 438 nn
444 387 614 438 nsnroun
639 385 757 438 unrnr
782 391 1036 442 sussurrant.
1169 379 1234 445 ltn

150 533 274 612 Propec
293 529 300 612 Ι
316 539 386 592 cato
403 529 409 612 Ι
426 549 536 610 magno
554 529 560 612 Ι
577 529 697 612 paulum
716 531 722 614 Ι
741 531 866 614 supplici
882 526 890 614 Ι
908 535 1005 595 isatis
1024 535 1030 614 Ι
1047 548 1093 597 est
1106 556 1144 616 pa
1162 547 1168 618 Ι
1186 541 1231 600 tri.

130 669 199 727 Loci
213 667 318 748 reliqui
339 667 512 742 tribrachos,
527 667 698 747 spondaeos,
713 669 858 752 dactylos,
873 683 1044 752 anapaestos
1058 673 1230 750 admittunt,

129 763 225 823 iambo
239 781 357 843 semper
370 763 503 837 excluso,
523 762 573 842 qui
598 783 751 844 nunquam
775 767 956 827 trochaicum
981 769 1145 849 ingreditur
1167 791 1230 831 car·

129 877 207 933 men,
227 860 271 918 uti
284 879 342 920 nec
356 859 505 920 trochaeus
520 859 688 919 iambicum.
730 861 794 920 Nec
809 871 907 922 tamen
923 876 1036 924 tanturn
1050 867 1172 927 interest
1184 869 1229 926 in·

126 953 171 1016 'ter
183 955 366 1016 trochaicum
378 965 408 1016 et
420 955 575 1016 iambicum
589 973 717 1028 versum,
742 957 824 1038 quin,
841 959 892 1038 qni
906 979 985 1021 nunc
1000 961 1167 1022 trochaicus
1182 973 1229 1023 est

129 1051 333 1126 catalecticus,
359 1051 456 1134 possit
479 1051 570 1111 mocio
593 1051 655 1112 lieri
677 1053 821 1114 iambicus
845 1054 1038 1131 acatalectus,
1062 1059 1086 1116 si
1110 1057 1228 1118 unicam
1265 1126 1270 1136 ,

130 1147 275 1209 duntaxat
288 1148 433 1229 syllabam
447 1148 530 1208 initio
543 1167 717 1228 praeponas:
733 1159 783 1209 ut:

169 1293 316 1374 &nessei
333 1293 338 1376 Ι
356 1295 474 1356 ameide
490 1293 497 1378 Ι
514 1297 589 1356 osci
606 1294 612 1374 Ι
629 1293 718 1356 detur
734 1293 740 1376 Ι
757 1315 815 1356 esse
831 1294 839 1378 Ι
854 1299 961 1376 quanli
976 1293 982 1380 Ι
1000 1301 1109 1378 ciapre
1126 1299 1132 1380 Ι
1149 1302 1186 1360 ei.

128 1429 309 1496 'lloehaicus
323 1442 390 1501 cett
412 1429 465 1492 sed
479 1433 505 1493 si
518 1432 622 1513 legas:

156 1547 227 1622 Qut,
242 1565 307 1608 curs
322 1545 329 1626 Ι
338 1546 449 1626 sociem
466 1545 473 1628 Ι
490 1545 588 1607 sielsoe
604 1543 611 1627 Ι
628 1545 692 1608 side
709 1545 715 1627 Ι
733 1552 785 1606 tur
798 1565 827 1606 es
844 1545 851 1626 Ι
868 1559 897 1606 re
909 1565 987 1626 quon
1005 1547 1011 1629 Ι
1028 1549 1098 1608 tinia
1114 1549 1120 1628 Ι
1134 1551 1229 1628 preci,

128 1687 160 1746 lit
172 1686 326 1746 'iambicus
352 1685 552 1753 acatalectost
573 1685 631 1746 boc
651 1686 729 1748 enim
752 1685 842 1746 modo
858 1705 954 1765 neque
968 1686 1048 1746 bunc
1062 1687 1226 1766 ingreditur

127 1781 287 1854 uochaeus,
307 1801 404 1862 neque
425 1782 507 1842 illum
531 1782 655 1844 iambus.
697 1782 776 1844 ilinc
800 1783 889 1844 etiam
912 1801 992 1863 saepe
1013 1783 1046 1844 lit
1059 1793 1093 1842 ut
1106 1793 1226 1863 propter

127 1878 270 1959 syllabam
291 1877 421 1958 aliquam
443 1897 629 1940 communem
653 1878 730 1940 idem
753 1897 855 1940 versus
876 1878 972 1959 possit
992 1878 1153 1958 aliquando
1176 1879 1222 1940 vel

126 1975 274 2038 trochaice
287 1975 333 2036 rel
347 1973 470 2037 iambica
483 1975 665 2036 mensurari:
686 1987 736 2036 ut:

204 2103 283 2178 Eho,
296 2121 356 2164 non
371 2113 403 2164 tu
417 2103 491 2165 dixti
504 2121 571 2165 essa
584 2105 723 2166 intereos
738 2104 913 2177 inimicitias,
927 2105 1090 2166 carnuteni

127 2253 191 2294 corn
205 2233 284 2294 enim
298 2231 402 2293 ultima
415 2231 456 2306 in,
477 2233 553 2306 Eho,
576 2235 615 2295 sit
633 2233 742 2306 brevis,
764 2233 931 2296 trochaicus
945 2244 993 2294 eat
1005 2254 1128 2304 versun
1151 2244 1181 2294 at
1195 2231 1223 2294 si

126 2329 170 2390 rel
183 2329 305 2410 longam
318 2328 422 2403 lacius,
442 2329 490 2390 rel
504 2350 601 2392 nosse
614 2351 668 2412 pro
682 2351 741 2392 sorr
754 2330 849 2410 legas,
867 2351 884 2391 e
898 2327 1046 2390 trochaico
1060 2330 1157 2390 statim
1171 2327 1223 2390 'fiet

126 2426 266 2487 iambicus
291 2425 398 2485 acatal.
423 2434 455 2485 et
476 2437 634 2505 propterea
657 2423 799 2488 trochaici
824 2445 842 2486 a
865 2425 1016 2486 nonnullis
1037 2423 1222 2507 appellantur

126 2519 241 2581 iambici
256 2517 294 2580 ab
308 2519 392 2580 initio
402 2519 585 2582 catalectici:
599 2521 680 2601 quod
695 2521 869 2583 Aristoteles
883 2523 972 2582 etiarn
986 2521 1081 2584 lacere
1097 2521 1221 2596 ridetur,

126 2619 173 2680 ubi
185 2617 268 2681 hnnc
282 2639 397 2680 uersum
412 2640 450 2681 ex
464 2619 569 2680 iambis
583 2617 754 2680 Archilochi
769 2619 851 2694 citat,
864 2617 953 2680 Rhet.
968 2619 989 2679 l.
1004 2639 1059 2680 111.
1074 2637 1100 2679 c.
1119 2621 1166 2678 17.

242 2747 401 2829 Χρημάτων
411 2747 436 2808 δ’
449 2749 576 2810 llelrror
588 2749 671 2808 atter
684 2747 763 2808 loros
775 2745 832 2806 oti·
843 2751 1003 2824 ἅπῶμοτον.

126 2878 221 2958 Atque
235 2878 341 2940 exinde
355 2879 463 2940 nemini
476 2879 582 2938 mirum
596 2875 689 2936 videri
705 2873 803 2947 debet,
824 2874 849 2933 si
870 2873 1036 2935 trochaicus
1058 2893 1125 2934 oum
1147 2873 1220 2934 iam·

125 2974 196 3034 bicis
210 2975 240 3034 in
257 2973 361 3034 eadem
376 2991 466 3033 scena
479 2991 560 3052 soepe
575 2973 679 3032 mistos
694 2967 804 3042 rideat,
824 2987 892 3033 cum
906 2970 943 3028 ab
956 2969 1003 3028 his
1017 2969 1056 3029 ad
1077 2969 1144 3030 illos
1158 2981 1219 3030 tarn

126 3071 215 3131 facilis
230 3071 270 3131 sit
281 3069 433 3130 transitus.

164 3166 334 3228 Trochaicis
348 3165 518 3226 acatalectis
533 3163 650 3244 parcius
672 3160 716 3223 uti
739 3161 864 3235 ridetur,
885 3169 974 3241 atque
997 3159 1037 3222 ibi
1056 3158 1151 3220 solum
1171 3161 1220 3221 ubi

124 3262 231 3323 fabulae
244 3275 344 3344 partes
358 3261 535 3323 turbatiores
549 3271 688 3341 aguntur,
703 3261 744 3322 ita
758 3271 792 3322 ut
804 3260 853 3320 rix
864 3277 1016 3320 numerum
1028 3255 1135 3320 sentire
1149 3277 1219 3338 pos·

125 3360 182 3421 sis:
204 3369 247 3432 ut,
261 3359 382 3420 Phorm.
399 3379 422 3418 1.
438 3362 467 3419 3.
485 3360 512 3417 l.

162 3487 280 3550 Adeon'
293 3508 355 3550 rem
366 3487 489 3560 redisse,
503 3496 537 3548 ut
550 3489 601 3568 qui
614 3488 684 3548 mihi
698 3489 866 3550 consultum
879 3497 1000 3568 optume
1013 3486 1084 3546 velit
1097 3503 1181 3546 esse:

123 3627 153 3679 et
165 3618 196 3679 in
209 3619 245 3678 iis
258 3617 331 3698 ipsis
344 3617 421 3679 locis
434 3615 529 3680 multo
542 3618 645 3698 maiori
658 3637 778 3680 numero
791 3615 1030 3678 catalectioorum
1041 3629 1156 3694 semper
1168 3613 1221 3673 im·

122 3715 295 3776 miscentur.
337 3714 376 3774 Et
396 3723 477 3775 certe
494 3715 666 3776 ielicissirna
683 3715 793 3795 ubique
808 3723 869 3774 arte
884 3705 915 3772 id
928 3711 990 3790 agit
1003 3709 1107 3781 Poeta,
1127 3717 1162 3768 ut
1174 3727 1221 3768 re·

122 3830 185 3870 rum
210 3827 281 3890 qnae
305 3819 435 3890 aguntur
459 3813 610 3873 turbatam
632 3813 679 3872 vel
703 3807 891 3890 tranquillam
916 3805 1058 3866 rationem
1082 3803 1219 3864 carminis

122 3907 211 3966 etiam
225 3905 300 3965 ratio
315 3905 441 3966 conluta
454 3907 500 3968 vel
515 3905 654 3986 expedita
667 3925 780 3986 semper
794 3903 957 3982 exprimat:
978 3899 1060 3982 quoii
1073 3899 1162 3959 etiam
1175 3899 1220 3959 la-

121 4002 161 4062 cit
174 4011 209 4062 ut
222 4000 379 4082 plurimutn
394 4002 555 4082 voluptatis
569 4003 605 4062 lis
619 4019 739 4084 prorsus
760 4009 872 4080 pereat,
893 3997 943 4078 qui
964 3993 1002 4057 ad
1023 3995 1102 4056 hunc
1116 4003 1218 4056 aucto·

121 4117 180 4158 rem
195 4095 358 4178 legendnm
373 4099 509 4178 neglecta
522 4097 570 4158 rel
594 4117 655 4158 non
676 4096 828 4157 intellecta
840 4095 925 4154 nretri
937 4093 1049 4153 ratione
1063 4089 1219 4156 accedunt.

159 4193 353 4255 Tetrametris
367 4212 580 4274 nonnunquam
594 4193 776 4254 interseritur
786 4189 908 4251 dimeter
921 4189 1063 4250 iambicus
1077 4209 1084 4249 :
1106 4200 1149 4261 ut,
