3012 4892
270 371 314 438 60
608 387 745 438 vroroa
770 389 819 436 nn
842 388 1038 440 coamnrs.

265 531 408 610 juvenum
423 525 528 588 choros
543 526 685 588 instimtis
699 525 827 606 populus
849 526 931 588 abuti
954 527 1185 607 prohibebatur:
1205 533 1287 612 quod
1305 553 1370 614 par·

269 626 415 688 ticulatim
437 642 456 682 a
480 622 618 683 Platonio
641 623 767 702 legimus
787 622 981 702 disputatum.
1024 625 1058 686 ld
1072 625 1171 706 itaque
1184 629 1369 690 animadver-

270 729 368 782 tentes
388 720 496 799 poiitm,
515 718 764 798 quemadmodum
789 719 851 780 ista
873 719 939 800 lege
961 719 1000 781 de
1022 741 1081 782 non
1104 724 1254 802 carpendo
1275 727 1370 786 nomi·

270 817 374 889 patim,
399 815 522 876 materia
535 817 713 888 mutabatur,
737 816 780 876 ita
793 815 881 877 etism
901 817 1057 878 cantilenis
1080 819 1227 880 abstinere
1249 822 1369 900 penitus

268 913 485 974 decreverunt:
517 911 658 990 quodque
682 912 843 990 sapientes,
870 931 938 974 cum
966 916 1088 993 tempori
1116 915 1284 976 cedendum
1313 931 1370 990 est,

269 1009 385 1070 efficere
399 1007 506 1077 solent,
520 1027 587 1086 quse
600 1016 665 1066 emt
679 1008 854 1082 necessitas,
868 1009 899 1070 in
916 1009 1053 1070 virtutem
1074 1012 1224 1090 egregiam
1237 1027 1369 1072 transtu·

269 1105 340 1164 lere.
381 1104 410 1162 N
412 1123 459 1162 em
472 1113 558 1163 actus
572 1103 695 1164 Fabulae
705 1104 749 1164 sic
763 1105 894 1184 agebant
903 1105 1072 1184 colligatos,
1085 1119 1118 1166 ut
1133 1127 1184 1186 per
1202 1108 1368 1180 intervella,

269 1219 337 1280 qum
350 1199 470 1279 quidem
484 1210 569 1261 erant
591 1200 723 1273 minima,
747 1201 854 1262 saitem
868 1221 944 1264 unus
959 1202 1060 1264 histrio
1075 1202 1296 1282 relinqueretur,
1317 1215 1370 1264 aut

268 1295 450 1374 frequsmms
474 1296 641 1376 complures
669 1297 791 1358 alternis
826 1299 902 1359 inter
930 1317 963 1359 se
989 1297 1143 1360 versiculis
1177 1299 1368 1360 disserentes.

269 1391 408 1470 Deinque
419 1391 492 1451 nibil
505 1394 615 1453 vetusti
629 1393 709 1454 ebori
720 1394 870 1476 proprium
883 1395 1102 1456 observabant:
1117 1395 1366 1474 quemadmodum

268 1487 300 1547 in
311 1487 518 1566 Aristophanis
533 1487 622 1550 Pluto
634 1489 750 1551 Fabula
761 1500 825 1552 tute
835 1490 1011 1571 jampridem
1025 1489 1136 1552 vidisti.
1174 1490 1210 1552 ld
1223 1490 1366 1552 Horatius

267 1581 310 1642 ita
323 1581 451 1644 cecinit:

549 1732 609 1794 Lex
625 1741 673 1794 est
687 1741 827 1812 accepta:
849 1731 1015 1810 chorusque

428 1825 564 1908 Turpiter
578 1827 711 1904 obticuit,
726 1828 843 1887 sublato
852 1825 918 1908 jure
933 1823 1071 1888 nocendi.

269 1969 363 2031 Miror
387 1979 497 2046 autem,
519 1972 605 2051 quasi
626 1981 790 2033 monstrum
812 1970 1013 2051 conspicatus,
1032 1970 1125 2044 illurn,
1148 1969 1234 2049 cujus
1255 1967 1366 2049 scripta

268 2069 325 2126 sub
338 2067 463 2128 Acronis
486 2069 604 2128 nomine
623 2069 875 2142 circumferuntur,
896 2067 943 2128 vel
959 2069 985 2130 si
997 2078 1045 2128 est
1060 2068 1125 2148 ipse
1138 2069 1229 2137 Acro,
1253 2065 1364 2128 dix'mse

267 2161 297 2222 id
323 2163 389 2242 lege
413 2173 533 2225 cautum
548 2165 604 2224 sub
618 2165 766 2244 Augusto.
807 2163 930 2226 Poterat
953 2163 1159 2226 mediusfidius
1177 2163 1364 2242 perspexisse

266 2257 370 2334 (modo
383 2258 522 2319 Plautum
548 2270 602 2320 aut
613 2260 782 2320 Terentium
795 2258 913 2339 legerit)
940 2277 980 2320 an
1004 2267 1073 2319 ante
1097 2260 1264 2338 Angustum
1288 2268 1364 2318 acte

267 2353 390 2416 Fabulae
404 2373 573 2435 quenquam
587 2355 826 2417 momordissent.
856 2356 884 2416 0
899 2375 990 2436 quam
1005 2355 1123 2436 egregie
1139 2363 1256 2415 vetusta
1268 2354 1364 2426 noris,

266 2450 429 2530 labosque
440 2451 555 2512 Grecis
569 2471 630 2512 non
643 2453 692 2514 bic
706 2452 806 2526 modo,
821 2472 920 2514 rerum
936 2463 967 2514 et
981 2453 1032 2514 alii
1044 2453 1162 2512 fortune
1175 2449 1363 2512 similescon·

265 2545 415 2608 fuderunt.
456 2547 573 2627 Quippe
596 2547 654 2608 boc
676 2547 800 2609 Athenis
826 2547 976 2610 decretum
1001 2547 1116 2628 patricii
1141 2545 1363 2625 promulgavere

265 2642 315 2700 vix
336 2661 416 2702 anno
437 2643 526 2702 Urbis
542 2643 646 2704 Minue
670 2642 899 2723 quadragesimo
913 2644 1040 2725 septimo
1061 2660 1151 2722 supra
1173 2653 1218 2701 ter
1232 2649 1362 2714 matum,

265 2737 404 2800 videlicet
412 2757 481 2800 cnm
494 2739 603 2800 tribuni
616 2738 758 2800 militares
773 2741 894 2822 imperio
906 2739 1055 2802 consulari
1068 2746 1245 2800 crearentur.

305 2833 488 2896 macrian
503 2836 603 2916 itaque
615 2845 733 2916 tempus
747 2845 779 2898 et
790 2834 924 2910 materis,
938 2837 1016 2897 sicut
1028 2833 1168 2910 diximus,
1191 2832 1220 2892 in
1241 2831 1297 2892 tris
1309 2851 1362 2911 ge·

264 2947 338 2991 nera
350 2929 495 3004 dividunt,
508 2931 663 3011 antiquum
681 2931 806 3004 scilicet,
824 2941 856 2991 et
879 2949 999 3005 novum,
1025 2941 1057 2992 et
1079 2929 1218 2992 medium.
1258 2927 1361 3008 Stylus

264 3028 513 3099 vero,nnmeri,et
520 3035 679 3106 apparatus
688 3025 800 3106 duplici
809 3036 925 3087 tanum
936 3027 1067 3088 rectitum
1077 3022 1363 3105 partiunbutdiver·

265 3139 301 3180 sa
319 3131 417 3182 tamen
439 3123 570 3182 ratione:
591 3122 732 3202 quoniam
745 3123 841 3204 stylus
854 3131 885 3184 et
897 3123 1011 3183 numeri
1024 3120 1186 3182 vetustiora
1198 3118 1259 3180 duo
1273 3119 1361 3180 simul

263 3226 457 3296 componunt,
471 3236 539 3297 quas
552 3217 592 3278 ad
608 3217 806 3278 Alexandrum
820 3235 916 3298 usque
929 3235 1088 3300 pervenere
1102 3235 1111 3278 r
1132 3216 1187 3278 sed
1201 3225 1361 3296 apparatus

264 3311 392 3374 medium
407 3313 481 3373 illud
494 3313 628 3376 annectit
640 3315 805 3377 recentiori.
845 3315 922 3376 Nam
937 3313 967 3374 in
977 3322 1104 3394 utroque
1115 3312 1154 3390 (si
1163 3311 1361 3392 grammaticis

263 3407 445 3470 credendum
458 3411 516 3484 est)
527 3407 610 3468 nulla
622 3407 704 3470 chori
717 3409 939 3470 modulamenta
951 3409 1144 3489 reperiuntur.

306 3504 374 3564 Non
388 3515 487 3564 sutem
501 3521 567 3564 esse
579 3505 704 3566 arbitror
716 3504 843 3565 alienum
863 3505 893 3565 in
907 3503 1066 3586 praesentia
1079 3501 1218 3584 weduna
1230 3501 1362 3582 perticu-

263 3599 362 3662 lariter
374 3599 571 3674 considerare,
586 3619 654 3682 qum
665 3603 800 3682 profecto
812 3601 904 3664 multa
917 3619 977 3662 non
992 3611 1096 3662 erunt:
1116 3599 1256 3678 quoniam
1270 3597 1358 3660 facile

262 3695 380 3758 videtur
402 3714 439 3756 ex
460 3696 605 3758 hactenus
631 3697 720 3758 dictis
738 3699 798 3758 fere
812 3717 917 3759 omues
931 3709 994 3758 tum
1008 3697 1140 3769 Graecas,
1159 3705 1223 3755 tum
1238 3695 1359 3755 Latinas

262 3791 357 3852 metiri
370 3791 549 3865 Comoedias,
572 3794 599 3853 si
622 3803 787 3874 temporum
810 3796 973 3875 presertim
993 3794 1085 3855 ullam
1107 3792 1216 3853 bebere
1231 3789 1359 3851 volueris

262 3887 424 3948 rationem:
446 3887 567 3967 quando
586 3889 701 3950 scilicet
723 3888 754 3948 in
778 3907 869 3950 scens
890 3890 1021 3950 floruerit
1039 3888 1243 3969 unusquisque
1258 3886 1358 3946 Fabu-

172 3989 175 3999 '
262 3980 356 4042 larum
370 3983 469 4062 polita.
511 3983 640 4044 Primam
652 3983 740 4064 igitur
753 3983 859 4046 Rome
873 3985 1016 4046 Fabulam
1035 3984 1106 4046 dare
1126 3984 1234 4044 Lucius
1258 3982 1358 4043 Livius

261 4075 380 4156 occepit
399 4077 513 4139 decimo
538 4095 627 4158 supra
647 4079 916 4159 quingentesimum
931 4079 1019 4142 Urbis
1041 4098 1137 4140 anno:
1158 4077 1357 4160 quiquidem,

262 4169 363 4235 Gellio
376 4182 462 4247 teste,
487 4173 749 4256 quinquagesimus
767 4177 919 4242 secundus
934 4179 972 4239 ab
984 4177 1067 4240 obitu
1081 4173 1239 4238 Menandri
1253 4191 1358 4236 nume·
