2958 4892
438 397 491 447 so
515 397 645 448 uenas
668 399 862 450 rosunum.
1133 385 1197 452 tut

182 538 280 602 Andr.
296 546 345 597 act
359 555 391 598 v.
404 556 448 598 sc.
458 541 488 599 5.
501 543 532 598 4.
553 537 661 607 ‘Quod
674 537 841 620 voluptates
851 559 953 600 eorum
965 540 1092 622 proprie
1105 549 1195 602 sunt:

262 653 331 696 natu
345 635 385 693 mi
395 634 614 694 immortalitas!

147 731 200 791 list
212 729 382 792 octonarius
396 730 539 790 iambicus
553 727 753 797 acatalectus;
778 729 868 790 debet
880 730 970 810 igitur
984 749 1051 791 esse
1060 731 1195 794 Creticus

112 825 188 885 initio
201 825 405 886 dimensionis.
437 825 478 884 At
490 835 594 884 contra
607 824 691 882 aiunt
704 823 864 884 secundam
879 825 1024 906 syllabam
1036 828 1078 900 in,
1091 829 1195 910 volup-

113 935 194 994 tates,
217 941 284 982 esse
305 923 432 993 brevem,
454 918 534 998 quod
557 918 627 978 mihi
641 918 759 998 quidem
772 918 888 979 videtur
909 921 1087 983 incredibile.
1130 923 1197 984 Me·

113 1019 162 1079 lius
182 1017 265 1078 dicas
279 1019 400 1096 primam
415 1015 569 1096 syllabam,
584 1035 652 1094 quse
665 1015 762 1075 brevis
777 1026 833 1087 est,
847 1017 889 1076 ita
902 1017 1006 1096 raptim
1025 1020 1197 1099 pronuntia·

113 1114 283 1186 tamiuisse,
299 1123 330 1172 ut
344 1131 404 1170 non
418 1111 584 1178 audiretur;
608 1120 640 1170 et
662 1129 727 1189 pro,
740 1111 819 1182 volu,
839 1110 995 1185 diceretur,
1018 1113 1080 1184 clu,
1105 1115 1196 1194 perV

113 1227 279 1268 consonum.
320 1207 430 1266 Verum
443 1206 509 1266 hec
524 1206 597 1266 satis
612 1205 649 1266 de
669 1206 796 1266 Cretico.
839 1206 939 1280 Dices,
954 1207 1033 1275 Quid
1055 1208 1109 1280 ais,
1130 1221 1197 1270 tan-

114 1304 197 1364 dem?
218 1307 265 1362 An
281 1302 456 1362 admittendi
471 1314 541 1362 sunt
558 1302 667 1362 Cretici
690 1301 720 1360 in
732 1303 856 1376 iambos,
877 1304 907 1362 in
921 1303 1107 1370 trochaicosl
1128 1305 1197 1364 Non

113 1399 245 1458 arbitror:
280 1417 347 1458 cum
373 1399 403 1457 iu
431 1398 548 1458 Cretico
571 1399 637 1476 plus
665 1397 803 1478 temporis
827 1400 963 1458 absumat
987 1400 1197 1478 pronuntiatio,

113 1512 194 1570 quam
207 1495 238 1552 in
254 1493 407 1574 spondeo,
421 1494 468 1552 cui
483 1503 580 1554 tamen
594 1494 624 1552 in
639 1493 770 1553 iambicis
789 1493 908 1554 comicis
931 1503 961 1554 et
974 1495 1092 1573 tragicis
1113 1494 1197 1558 locus

111 1599 160 1648 est.
201 1590 243 1648 At
257 1600 327 1648 sunt
339 1599 437 1653 tamen
452 1589 560 1649 Cretici
574 1587 630 1648 illis
642 1590 776 1650 versibus
791 1591 926 1668 superius
939 1589 1069 1669 positis?
1090 1591 1197 1652 Fateor

113 1681 141 1740 id
152 1682 290 1761 quidem:
324 1685 377 1744 sed
397 1687 416 1744 ii
439 1705 498 1744 non
519 1685 725 1764 pronuntiandi
739 1695 773 1744 ut
788 1685 904 1745 Cretici.
946 1684 1026 1753 Quid
1039 1685 1101 1746 icat
1123 1686 1198 1748 Hoec

113 1780 210 1856 regula
230 1791 312 1839 certa
335 1799 401 1840 esse
423 1780 547 1852 videtur,
570 1800 637 1840 cum
658 1800 676 1839 a
694 1789 799 1840 natura
825 1779 1045 1858 proficiscatur:
1076 1781 1198 1860 syllabs

111 1875 201 1935 brevis
215 1877 291 1935 inter
314 1876 388 1935 duas
408 1877 513 1954 longas
535 1875 632 1954 posita
651 1875 699 1934 vix
717 1875 849 1954 pervenit
871 1873 910 1934 ad
933 1893 1062 1935 mosum.
1096 1875 1130 1936 ld
1145 1895 1198 1938 an·

113 1979 167 2031 tem
186 1973 217 2031 ni
242 1983 332 2044 esset,
353 1972 403 2050 qui
427 1971 547 2030 tandem
562 1969 704 2050 Virgilius
724 1972 868 2050 potuisset
881 1969 989 2042 dicere,
1006 1971 1112 2050 aspris,
1133 1992 1197 2052 pro,

112 2067 240 2146 asperis?
259 2067 377 2140 circlos,
390 2085 454 2145 pro,
468 2065 616 2126 circulos?
635 2070 693 2127 dre.

148 2161 193 2223 De
217 2161 365 2241 tribrachy
389 2161 462 2220 nihil
484 2180 606 2222 necesse
630 2171 676 2220 ert
700 2158 815 2230 dicere;
848 2179 914 2222 cum
935 2179 987 2240 pes
1011 2161 1061 2222 illc
1083 2173 1197 2242 tempor

112 2257 195 2316 iambi
207 2257 340 2334 impleat,
354 2265 385 2315 et
398 2254 524 2317 eundem
538 2265 649 2314 motum
663 2254 781 2314 habeat.

11 2429 12 2436 ἵ
147 2351 442 2422 Proceleusmatious,
469 2350 500 2409 id
525 2359 581 2421 est,
603 2349 663 2409 dno
677 2349 850 2429 Pyrrhichii,
870 2369 923 2411 seu
942 2363 1068 2432 quatuor
1085 2353 1198 2427 breves,

111 2467 175 2506 cum
193 2447 321 2526 epatium
339 2446 473 2525 spondei
487 2456 653 2516 consumat,
667 2447 714 2505 cni
728 2446 871 2525 spondaeo
890 2447 940 2526 jus
962 2459 1008 2508 est
1031 2448 1154 2510 sedendi
1167 2451 1198 2510 in

110 2541 238 2618 iambicis
263 2553 295 2600 et
318 2541 485 2614 trochaicis,
509 2543 611 2600 mirum
636 2561 702 2602 esse
727 2561 786 2601 non
800 2542 899 2615 debet,
919 2545 944 2604 si
959 2543 1037 2623 apud
1062 2546 1198 2606 comicos

110 2638 244 2716 frequens
259 2639 435 2716 repedatum
465 2657 533 2698 nam
546 2647 577 2698 et
598 2639 627 2696 in
648 2639 765 2718 tragicis
787 2640 996 2700 recentioribus
1012 2641 1095 2700 illum
1110 2640 1200 2700 inter·

112 2729 180 2791 dum
193 2733 335 2812 reperias.

189 2828 224 2887 ln
240 2827 334 2887 Andr.
355 2827 422 2886 ‘Ito
435 2828 554 2888 leci-cm
569 2827 626 2886 hoc
640 2825 785 2906 primum,’
799 2831 854 2886 dre.

189 2925 257 2986 Act.
269 2943 292 2982 1.
302 2941 345 2982 sc.
359 2925 385 2982 l.
397 2924 463 2982 123.
475 2929 483 2958 ‘
495 2921 568 2981 Sati'
576 2921 747 2982 veho-mens
755 2939 846 2980 causa
856 2919 894 2980 ad
904 2919 1199 3000 objurgandun,‘tzc.

150 3017 215 3078 Nisi
226 3018 309 3079 dicas
324 3038 389 3079 esse
403 3029 598 3098 anapestum,
612 3037 679 3078 cum
694 3016 774 3096 apud
790 3017 943 3077 Horatium
957 3018 1060 3096 leges:

189 3114 348 3185 ‘vemens
362 3122 393 3173 et
404 3113 547 3193 liquidus,
566 3131 698 3198 puroque
712 3111 875 3172 simillimus
889 3113 988 3174 amni!

188 3209 256 3270 Act.
272 3228 326 3267 111.
342 3229 386 3270 sc.
404 3212 430 3268 l.
448 3211 494 3269 19.
526 3207 625 3276 ‘Num
647 3209 843 3268 immemores
858 3207 1032 3288 ili-scipuli?
1053 3227 1110 3290 ego
1130 3209 1200 3288 quid

270 3323 370 3363 narres
391 3305 493 3366 nescio
505 3323 513 3363 :
526 3303 535 3330 ⁹

112 3399 148 3458 ad
173 3419 260 3478 quem
275 3419 391 3459 uersum
412 3409 517 3460 notant
539 3399 660 3478 quidam
684 3417 748 3477 pro,
770 3397 918 3477 discipuli,
941 3398 1201 3478 pronuntiandum,

109 3493 236 3573 discipli,
249 3495 445 3575 trisyllabice;
467 3495 498 3554 id
511 3495 592 3574 quod
606 3505 705 3555 tamen
719 3495 815 3555 minus
838 3513 960 3555 necesse
980 3495 1077 3555 estad
1091 3495 1203 3553 dimen-

109 3589 222 3650 sionem
235 3609 336 3650 reraus
351 3589 637 3668 deprehendendam.
678 3591 786 3650 Verum
811 3589 896 3668 plura
919 3587 1028 3650 addere
1042 3588 1112 3648 nihil
1126 3607 1201 3668 opus

108 3693 165 3744 est.

148 3779 250 3850 Nunc,
265 3777 346 3858 quod
366 3777 473 3852 dicam,
487 3778 517 3836 id
533 3797 598 3839 esse
613 3798 712 3840 serum
731 3777 885 3851 uidebitur,
898 3788 928 3838 et
942 3796 1001 3836 non
1016 3787 1063 3836 est
1082 3787 1199 3844 tamen:

106 3873 271 3934 molossum
285 3873 409 3946 scilicet,
422 3875 447 3933 is
458 3875 598 3934 extribus
612 3874 708 3954 longis
722 3884 850 3946 constat,
864 3891 917 3951 pro
931 3873 1037 3943 iernbo,
1050 3869 1202 3950 spondceo,

107 3981 159 4030 aut
180 3979 337 4049 anapesto
349 3971 436 4044 sumi,
448 3972 557 4051 pagine
571 3971 685 4030 decime
696 3981 820 4030 octava:
850 3968 939 4028 ‘Sive
954 3967 1011 4027 ista
1025 3967 1123 4040 u'·xor,
1139 3969 1202 4028 sive

107 4065 206 4125 amica
220 4075 277 4138 est,
291 4065 445 4144 gravidae
459 4066 614 4146 Pamphilo
625 4068 690 4126 est!
1196 4144 1202 4155 ι

145 4160 211 4222 Sed
227 4160 268 4222 ibi
281 4179 407 4224 errorem
421 4181 487 4224 esse
501 4173 585 4243 puto,
599 4161 636 4222 de
649 4181 709 4242 qno
722 4162 752 4224 in
772 4159 911 4229 Notulist
932 4160 1118 4239 nequeenim
1133 4157 1204 4220 mih¹
