2948 4890
237 393 299 460 148
532 401 669 456 :unius
693 400 823 452 cassa
846 395 1034 452 eeanroart

235 563 313 623 octo,
327 547 496 609 tetrametri.
538 546 612 606 Haec
635 543 714 624 apud
740 545 874 604 Grecos.
916 541 1014 602 Latini
1030 549 1126 600 autem
1144 539 1190 601 his
1205 541 1329 604 nomini·

235 649 291 708 bus
306 647 394 706 etiam
409 623 466 704 alia
480 641 638 704 addidere:
668 660 727 700 non
742 642 779 699 ab
794 639 1037 709 dimensionibus,
1061 657 1129 716 quse
1142 637 1228 697 binos
1241 657 1328 718 cape·

235 752 300 802 rent
314 741 415 820 pedes,
429 739 482 799 sed
497 757 514 798 a
527 738 636 818 pedum
657 755 788 806 numero,
811 735 1025 814 quaternarios,
1041 734 1182 804 senarios,
1207 744 1327 794 octona·

235 841 293 900 rios
307 855 314 897 :
336 847 419 895 tanto
434 833 627 904 commodius,
638 851 705 892 cum
719 831 808 891 unica
821 849 894 890 voce
908 830 997 892 etiam
1012 831 1171 910 imparibus
1186 831 1328 890 constitu·

235 950 281 995 tos
296 931 421 1011 pedibus
436 931 644 989 nominabant:
665 925 824 1005 quinarios,
844 926 1036 1006 septenarios.
1070 925 1146 984 Nom
1159 925 1214 985 hos
1230 925 1327 986 Graeci

235 1026 511 1109 brachycatalectici
531 1023 695 1103 adjectione
717 1031 895 1101 agnoscunt,
919 1021 1020 1100 quanti
1039 1021 1109 1081 sint.
1152 1022 1328 1080 Octonarios

236 1137 332 1184 sutem
355 1123 442 1182 etiam
457 1121 617 1201 quadratos
640 1119 873 1198 appellavimus:
903 1115 1150 1196 quemadmodum
1174 1116 1202 1174 in
1226 1117 1329 1176 cubica

235 1220 329 1298 ligura
343 1217 443 1295 anguli
468 1216 566 1275 octoni
582 1223 671 1273 sunt:
703 1214 753 1285 ita,
772 1231 840 1273 cum
865 1212 990 1272 eandem
1004 1210 1226 1291 quadrantalem
1251 1210 1329 1270 diee-

234 1323 309 1385 rent,
323 1312 428 1372 eodem
453 1309 570 1370 nomine
593 1309 684 1369 hosce
698 1327 798 1368 versus
823 1307 981 1386 insignitos
995 1307 1123 1368 soluere.
1167 1308 1243 1366 Nam
1257 1325 1329 1366 con·

235 1408 337 1478 stitute
353 1405 497 1485 quadrata
510 1403 691 1483 superficies,
714 1403 740 1462 si
753 1403 827 1462 fluat
840 1413 928 1481 atque
952 1415 1057 1481 postea
1080 1404 1209 1474 sistatur,
1233 1403 1328 1480 quad·

234 1501 328 1562 rautal
344 1511 441 1560 creat:
472 1519 563 1579 quare
585 1517 692 1576 corpus
706 1497 762 1558 hoc
778 1497 873 1556 Latini
888 1497 996 1556 Groeca
1009 1517 1082 1556 voce
1095 1508 1236 1557 tesseram
1249 1499 1327 1558 voci-

234 1609 355 1658 tarunt:
376 1615 434 1654 non
460 1614 477 1654 a
499 1595 622 1658 laterum
644 1613 775 1665 numero,
800 1605 833 1653 ut
856 1592 976 1673 quidam
993 1605 1142 1672 putavere,
1165 1603 1234 1653 sunt
1248 1593 1326 1652 enim

234 1712 304 1753 sex:
326 1690 379 1751 sed
394 1693 432 1750 ab
447 1689 544 1750 radice
558 1691 794 1750 constitutionis:
815 1691 858 1750 sic
869 1689 946 1750 enim
957 1683 1327 1768 appellantmathematici.

233 1787 391 1859 Praeterea,
417 1806 483 1846 cum
499 1784 606 1845 senarii
627 1785 694 1864 plus
719 1785 748 1844 iu
773 1803 829 1844 usu
852 1785 987 1856 luissent,
1011 1786 1180 1864 primusque
1206 1783 1327 1843 Boistus

233 1882 404 1962 produxerit
424 1881 601 1951 octonarios,
625 1881 661 1939 ab
685 1879 736 1938 illo
757 1889 852 1939 tractu
876 1879 984 1959 longos
1008 1879 1204 1940 nominavere.
1247 1879 1327 1957 Ergo

232 1995 330 2056 neque
345 1976 458 2036 Gellius
476 1976 627 2035 Ennianos
642 1994 744 2036 versus
759 1974 919 2054 quadratos
935 1985 1013 2034 recte
1026 1974 1187 2054 appellarit
1200 1975 1326 2035 trochai-
1389 2051 1400 2068 ἱ
1467 1991 1468 2022 1

232 2091 284 2134 eos
298 2072 384 2132 illos:
407 2073 491 2131 ‘Hoc
515 2071 571 2131 erit
592 2071 644 2130 tibi
670 2079 874 2154 argumentum
896 2089 1011 2148 semper
1034 2070 1063 2128 in
1086 2083 1201 2149 promtu
1225 2073 1325 2133 situm.

232 2169 279 2228 Ne
293 2168 363 2247 quid
379 2179 516 2246 expectes
530 2166 651 2239 amicos,
676 2179 739 2226 tute
753 2165 834 2244 quod
855 2165 951 2244 possis
966 2167 1072 2244 agere!
1113 2167 1217 2245 Neque
1231 2167 1327 2226 Varro

230 2263 260 2322 in
276 2264 399 2342 septimo
414 2262 452 2322 de
467 2261 580 2340 Lingua
595 2261 700 2320 Latina
714 2260 780 2320 illos
795 2279 832 2320 ex
842 2249 1003 2321 Eunucho:
1026 2269 1034 2296 ⁸
1047 2261 1119 2322 Heri
1131 2261 1244 2340 aliquot
1252 2262 1325 2322 ado·

231 2357 385 2417 lescentuli
399 2359 510 2416 coimus
531 2357 560 2415 in
576 2357 693 2416 Piraeo!
734 2355 887 2434 Siquidem
908 2357 1033 2414 Rufinus
1057 2367 1230 2427 auctorest,
1252 2377 1326 2416 eun-

233 2452 299 2512 dem
315 2451 476 2511 Varronem
497 2453 538 2509 ita
551 2451 691 2522 sensisse,
705 2469 819 2510 versum
835 2451 1031 2531 septenarium
1051 2452 1123 2524 fieri,
1145 2471 1212 2512 cum
1228 2453 1266 2512 ad
1280 2473 1325 2515 se·

231 2546 343 2606 narium
372 2565 423 2626 pes
451 2544 619 2624 trisyllabus
647 2544 822 2606 adderetur:
858 2545 999 2626 additque
1025 2547 1190 2626 exemplum
1219 2549 1324 2608 iisdem

231 2643 370 2712 numeris,
392 2661 428 2700 es
454 2641 591 2719 Hecyra:
621 2641 717 2698 ‘Nam
744 2640 768 2700 si
794 2641 945 2700 remittant
967 2641 1115 2721 quippiam
1141 2641 1324 2704 Philumenae

232 2737 372 2798 dolores!
414 2737 482 2795 Non
497 2735 590 2796 solum
605 2734 692 2814 igitur
706 2754 724 2794 a
738 2754 771 2794 se
782 2734 920 2794 dissentit
934 2736 1009 2815 ipse,
1024 2755 1124 2795 verum
1143 2739 1230 2796 etiarn
1247 2751 1325 2799 errat

231 2833 409 2894 deliniendo.
451 2831 528 2892 Nam
539 2842 569 2891 et
581 2831 674 2910 major
687 2841 734 2891 est
747 2832 923 2911 septenario,
946 2842 976 2891 et
990 2831 1158 2912 trisyllabus
1180 2853 1232 2912 pes
1255 2836 1324 2895 bao-

230 2928 314 2990 cbius
329 2929 499 3008 praesertim,
514 2928 610 2987 iambo
624 2946 684 2987 non
698 2927 792 2986 solum
806 2937 853 2986 est
866 2927 1055 2999 adventitius,
1079 2929 1132 2988 sed
1146 2931 1233 2988 etiam
1249 2929 1323 2990 alto·

230 3026 290 3084 rius
317 3037 428 3085 tractus
457 3023 575 3092 diversi,
595 3040 690 3100 neque
714 3021 823 3100 dignus
850 3023 901 3100 qui
926 3023 955 3081 in
982 3023 1096 3082 iambici
1121 3022 1320 3084 definitionem

231 3118 418 3182 admittatur:
433 3127 463 3173 et
477 3113 630 3173 ridiculum
645 3124 701 3186 est,
716 3135 775 3175 non
789 3117 887 3196 potius
911 3117 1108 3196 septenarium
1131 3139 1167 3179 err
1193 3122 1324 3198 septenis

230 3212 303 3282 fleri,
317 3212 394 3270 sicut
408 3229 444 3268 ex
459 3210 538 3268 senis
553 3211 710 3283 senarium,
726 3231 814 3290 quam
834 3233 851 3273 e
866 3214 982 3274 senario
997 3224 1028 3274 et
1048 3233 1108 3274 uno
1123 3215 1215 3294 pede:
1238 3227 1321 3277 tanto

231 3308 327 3365 minus
348 3305 508 3384 trisyllabo.
560 3305 620 3366 Sed
647 3308 780 3386 prolecto
807 3329 931 3388 magnos
956 3311 1032 3370 viros
1060 3313 1218 3371 auctoritas
1242 3331 1322 3392 soepe

230 3401 312 3468 texit,
325 3403 411 3461 etiam
427 3402 503 3460 male
517 3401 697 3462 sentientes:
720 3403 797 3462 sicut
819 3404 991 3464 Ciceronem
1006 3423 1123 3484 quoque
1138 3405 1215 3483 sugit
1237 3407 1323 3479 ratio,

229 3517 296 3559 cum
311 3498 341 3555 in
356 3496 449 3576 prima
462 3497 625 3575 quaestione
639 3497 807 3558 Tusculana
822 3500 1003 3580 septenarios
1017 3511 1104 3561 vocat
1124 3501 1211 3561 illos:
1232 3509 1241 3536 ⁴
1254 3503 1322 3562 Heu

229 3593 368 3672 reliquias
383 3593 515 3653 semiassi
527 3592 605 3672 regis
620 3592 778 3653 denudatis
804 3597 932 3668 ossibus,
955 3595 1012 3656 Per
1031 3607 1136 3656 terram
1152 3597 1235 3658 sanie
1250 3596 1324 3658 deli-

229 3690 315 3748 butas
329 3687 406 3748 foede
430 3688 480 3747 diu
494 3689 644 3748 vexarierss
685 3689 835 3761 Erasmus,
850 3691 1014 3751 Varronem
1033 3703 1310 3762 secutus,tetrame-

229 3797 305 3844 trum
326 3785 418 3846 nihilo
429 3785 542 3846 leliciu
565 3783 720 3864 explicarit
733 3783 790 3843 illis
812 3787 917 3857 verbis,
940 3787 1096 3845 iambicum
1119 3797 1320 3848 tetrametrum

228 3880 373 3940 interdum
388 3883 416 3940 io
432 3883 490 3941 line
504 3880 631 3941 fraudari
649 3899 709 3939 una
730 3879 844 3961 syllaba
857 3881 1003 3961 producta
1016 3881 1188 3962 penultima,
1202 3887 1320 3963 quoties

228 3975 354 4036 iambico
367 3976 489 4035 dirnetro
505 3978 644 4036 accinitur
662 3976 785 4038 dimeter
797 3977 997 4038 catalecticus.
1037 3977 1112 4038 Nam
1127 3978 1198 4056 quid
1213 3980 1324 4042 attine-

228 4071 279 4128 bat
293 4069 388 4129 dicere
403 4071 592 4148 penultimam
607 4071 800 4150 productam?
831 4093 927 4152 neque
949 4075 1025 4134 enim
1041 4074 1237 4134 necessarium
1260 4075 1318 4134 hoc

229 4175 293 4225 est:
317 4185 375 4241 quo
390 4165 456 4224 loco
470 4177 500 4224 et
514 4167 676 4226 tribrachus
690 4187 756 4228 esse
777 4181 876 4248 potest
889 4182 920 4230 et
933 4170 1089 4251 dactylus:
1118 4189 1242 4248 quorum
1258 4173 1321 4250 syl-
