3012 4892
552 397 600 444 nu
622 397 811 446 runarno.
1187 383 1233 450 68

132 534 223 595 Ludis
241 536 392 596 observari
413 535 561 606 solebant,
582 549 684 598 exacta
705 547 816 600 teneat.
857 539 903 598 lta
916 537 977 610 liet,
991 548 1025 600 ut
1038 551 1143 619 postea
1156 541 1229 602 nihil

131 643 238 710 praeter
246 641 407 692 metrorum
421 633 563 692 rationem
577 653 613 694 ac
624 652 761 694 versuum
774 653 927 696 mensures
938 635 1106 696 desiderare
1116 638 1228 716 possit:

132 747 207 806 quas
221 727 359 788 nimirum
373 747 410 787 ex
422 729 608 802 Terentiano,
625 729 757 790 omnium
780 731 949 791 Latinorum
973 733 1229 810 grammaticorum

132 822 309 894 cultissimo,
331 831 364 882 et
383 823 412 882 in
436 823 494 882 hac
517 843 549 884 ra
570 825 729 904 plurimum
751 828 920 899 exercitato,
944 827 1097 888 desumere
1120 828 1230 890 licebit.

134 918 190 978 llic
203 918 306 997 itaqua
317 918 390 978 libet
408 917 638 980 adolescentulis
651 921 795 980 bonarum
816 921 965 982 literarum
980 921 1121 982 studiosis
1135 923 1230 982 bravi-

133 1025 175 1074 ter
188 1033 374 1093 proponere:
396 1013 531 1092 primum,
554 1014 635 1073 unde
658 1025 730 1076 nata
754 1015 793 1076 sit
816 1017 981 1089 Comoedia,
1002 1035 1120 1098 quoque
1141 1029 1230 1097 pacto

135 1119 201 1169 anta
217 1109 438 1168 Comoediarum
453 1129 538 1170 usum
553 1111 666 1189 antiqui
679 1112 776 1188 poeto
789 1110 929 1171 luserint:
950 1111 1146 1185 deindevero,
1157 1131 1231 1192 quo-

134 1205 221 1266 modo
237 1204 403 1264 Gomoediae
425 1203 476 1284 agi
498 1222 534 1264 sc
557 1205 738 1284 pronuntiari
763 1206 859 1266 solitsa
882 1207 1000 1278 luerint,
1024 1207 1142 1288 utquid
1157 1207 1231 1268 Ludi

25 1337 27 1348 ι
135 1301 202 1372 siut,
215 1300 291 1381 qnid
316 1299 453 1373 Theatra,
478 1301 593 1373 Scente,
617 1302 722 1371 Actus,
743 1301 894 1375 Persona),
918 1313 950 1362 et
962 1303 993 1363 id
1007 1321 1101 1382 genus
1123 1313 1231 1376 cetere,

135 1395 220 1456 tacite
242 1395 436 1474 intelligatur.
478 1395 567 1463 Quod
592 1415 667 1476 opus
692 1395 763 1456 dum
782 1397 981 1476 aggredimur,
1005 1397 1120 1458 facilem
1142 1409 1232 1477 atque

137 1501 282 1552 attentum
304 1491 445 1550 lectorem
468 1509 534 1550 esse
559 1491 705 1570 cupimus,
727 1501 761 1551 ut
784 1491 905 1554 undem
927 1491 1084 1573 intelligat,
1107 1493 1179 1572 quid
1193 1493 1233 1554 sit

138 1587 261 1662 Fabula,
274 1587 443 1667 Trngmdia,
457 1585 610 1647 Comoedia
624 1587 730 1661 Vetus,
744 1588 860 1668 Satyra,
874 1599 905 1648 et
917 1589 1004 1650 Nora
1017 1588 1179 1650 Comoedia.

300 1763 403 1834 QUID
436 1761 606 1838 FABULA,
638 1763 873 1838 TRAGOEDIA,
904 1765 1074 1842 saum,

399 1859 605 1920 COMOEDIA
625 1859 756 1920 VETUS
778 1861 829 1921 ET
850 1862 973 1922 Nova,

177 1973 293 2034 Fabula
313 1971 451 2051 generale
474 1989 582 2032 nomen
606 1980 662 2044 est,
683 1971 880 2051 Tragoediam,
904 1973 1042 2046 satiram,
1063 1981 1095 2034 et
1116 1973 1233 2035 Corum·

140 2070 217 2130 diam
231 2071 262 2130 in
277 2088 310 2129 se
322 2067 534 2148 complectens.
565 2067 678 2148 Estque
690 2068 803 2130 Fabula
811 2070 939 2130 narmtio
949 2068 1086 2149 qutsdtm
1096 2071 1234 2143 conflata,

140 2165 355 2224 etdemissiore
369 2162 541 2242 plerumque
564 2163 642 2242 stylo
667 2181 704 2223 sc
726 2164 860 2226 versibus
885 2167 1053 2245 conscripta
1075 2163 1117 2226 ed
1135 2165 1235 2225 oblec-

141 2262 281 2320 tationem
295 2258 473 2319 auditorum.
516 2257 603 2319 Unde
626 2257 714 2318 etiam
729 2257 872 2320 Poimata
895 2259 971 2321 inter
985 2259 1115 2320 Fabulae
1129 2277 1236 2320 anon·

140 2357 228 2418 nullis
241 2363 511 2416 connumerantur:
536 2364 714 2437 quapropter
728 2354 906 2434 quibusdam
926 2355 1008 2416 riam
1020 2365 1070 2417 est
1088 2355 1235 2415 Homerus

141 2451 262 2512 llisrlem
297 2452 391 2512 instar
419 2449 598 2531 Tragoedioe,
632 2449 798 2532 Odysseam
827 2451 867 2514 sd
887 2452 1045 2533 imaginem
1073 2447 1235 2512 Gommdisa

141 2547 363 2628 conscripsisse.

179 2642 340 2723 Trsgoedia
354 2651 451 2703 autem
467 2641 581 2702 Fabula
594 2651 650 2715 est,
664 2660 724 2721 qua
737 2642 851 2723 antiqui
868 2639 1133 2721 reprehendebant,
1154 2641 1236 2721 quod

142 2738 170 2796 in
184 2739 273 2798 rebus
287 2755 348 2796 non
361 2737 457 2798 solum
471 2737 592 2816 privatis
607 2755 642 2797 ec
657 2736 804 2810 civilibus,
824 2737 878 2797 sed
891 2739 1016 2798 maxime
1038 2737 1139 2797 arduis
1152 2747 1183 2796 et
1196 2735 1237 2796 ed

141 2834 288 2914 principes
313 2835 503 2895 attinentibus
525 2833 623 2892 minos
648 2841 760 2892 rectum
785 2831 948 2892 videbatur.
1003 2831 1039 2890 ln
1065 2849 1101 2891 ea
1128 2829 1237 2890 scenici

144 2949 272 3002 marca,
284 2941 315 2990 et
324 2931 381 2990 olei
393 2929 514 2990 fecibus
524 2933 613 3010 (quas
624 2928 723 2989 Graeci
737 2928 839 3008 φύγω
850 2929 971 3003 vocant)
983 2923 1166 3008 perlimbant
1174 2943 1237 2998 ore,

145 3037 211 3086 ante
235 3045 324 3086 usum
348 3043 562 3105 personarum:
594 3023 674 3084 unde
698 3022 864 3103 Tragoediea
886 3039 1004 3082 nomen.
1053 3020 1125 3100 Ejus
1149 3037 1238 3100 grave

145 3130 349 3200 argumentum
371 3121 437 3194 init,
459 3121 582 3200 petitum
606 3139 687 3201 saepe
700 3120 738 3180 ab
752 3117 894 3180 historica
915 3118 990 3180 lide:
1011 3116 1102 3179 dictio
1126 3134 1238 3191 severa,

146 3217 290 3290 sublimis,
305 3237 385 3296 soepe
399 3215 528 3277 tumida:
549 3216 711 3295 tranquilla
724 3216 828 3296 prima,
843 3215 939 3275 exitus
952 3214 1074 3276 funesti.

183 3312 259 3373 Post
281 3311 469 3392 Tragoediam
489 3310 610 3371 inventa
633 3310 798 3385 Comoedia,
820 3329 889 3390 qum
903 3309 997 3370 Vetus
1021 3309 1103 3372 dicta
1121 3321 1187 3372 est:
1207 3314 1238 3372 in

145 3429 204 3490 qna
215 3413 263 3487 (ut
275 3409 304 3468 in
318 3405 477 3485 Tragoedia
488 3409 621 3486 quoque)
634 3405 758 3485 simplex
782 3423 900 3467 eumen
919 3406 992 3466 suit:
1023 3406 1105 3486 quod
1119 3425 1238 3468 carmen

145 3505 251 3566 chorum
266 3503 345 3564 eirca
358 3519 424 3562 aras
438 3501 587 3560 fumantes
601 3520 681 3568 nuno
696 3499 851 3580 spatiatus,
875 3519 956 3561 nunc
970 3501 1122 3562 resolvens
1137 3521 1239 3582 gyros,

145 3619 212 3662 cum
236 3599 359 3660 tibicine
377 3598 570 3659 concinebat:
592 3605 713 3676 eratque
737 3598 830 3676 primo
853 3616 914 3656 nna
927 3615 1055 3676 persona
1068 3598 1238 3658 cantoribus

145 3695 408 3773 constitutaque,
422 3692 604 3774 respondens
619 3693 739 3754 alternis
758 3693 859 3766 choro,
881 3692 1082 3774 locupletabat
1094 3693 1240 3753 variabat·

145 3811 204 3870 qne
223 3810 286 3852 rem
307 3789 461 3850 musicam.
503 3788 619 3849 Chorus
644 3798 742 3848 autem
766 3789 797 3848 in
818 3787 985 3868 Tragoedia,
1010 3797 1064 3847 aut
1087 3786 1240 3847 Gomradia

145 3887 263 3961 Vetere,
284 3885 439 3948 dicebatur
462 3883 620 3946 multitudo
639 3903 805 3945 coaevorum
819 3884 974 3962 juvenum,
987 3891 1040 3942 aut
1051 3881 1195 3943 minorum
1209 3881 1239 3942 iu

147 3983 250 4056 sacris,
263 3981 312 4042 vel
326 3999 428 4053 scens,
441 3981 625 4040 cantantium
639 3987 728 4059 atqua
743 3979 922 4040 saltantium.

187 4079 258 4138 Fuit
270 4077 366 4138 Vetus
382 4075 537 4136 Comoedia
549 4074 663 4136 Grecis
678 4073 805 4135 Archma
823 4071 914 4146 dicta,
928 4073 998 4154 quia
1010 4081 1090 4132 esset
1102 4071 1140 4134 de
1154 4073 1239 4134 nobis

147 4193 251 4254 panum
271 4173 400 4254 cognitis
422 4172 521 4235 vitiis:
542 4172 614 4234 item
634 4169 725 4234 etiarn
739 4170 931 4252 Eteonymos,
950 4167 1021 4250 qnia
1033 4167 1144 4232 inesset
1158 4170 1188 4230 in
1203 4187 1240 4230 ea
