3012 4892
512 369 647 420 vrororr
671 371 721 420 nu
744 373 934 424 uoumnrs.
1220 367 1264 434 bb

164 516 250 592 quasi
263 513 385 592 flagello
398 511 525 593 quodam
540 515 649 587 vexati,
670 535 737 576 cum
760 535 855 578 mores
876 517 1041 597 prseteritos
1059 527 1184 595 mutare,
1198 531 1261 584 tum

166 610 213 668 sel
234 629 301 670 esse
323 609 413 688 frugi,
434 610 480 670 vel
503 609 607 670 saltem
630 630 770 692 apparere
795 615 996 691 cogebanturr
1017 634 1055 674 ne
1075 613 1175 678 denuo
1195 637 1262 678 sesa

164 705 240 764 male
254 716 404 784 gerentes,
418 706 494 766 male
506 705 668 767 identidem
682 707 834 770 audirent:
850 709 934 788 nujus
949 709 990 770 rei
1005 729 1142 770 numeros
1153 729 1257 774 omues

165 801 305 860 Cratinus
320 801 427 860 dicitur
449 802 634 880 implevisse:
656 804 765 883 quippe
787 803 892 864 ceteris
914 804 1085 866 austeritate
1105 817 1262 885 praestans,

164 897 355 956 acerbissima
363 897 463 977 jurgia
475 899 637 976 procaciter
646 901 817 978 exspuebat
846 900 913 960 llae
923 901 1011 960 etiam
1026 901 1056 960 in
1070 911 1154 980 parte
1163 904 1261 964 bonus

164 991 213 1051 ille
226 991 444 1070 Aristophanes
459 1011 518 1052 oon
533 993 711 1054 dormitavit.
739 994 811 1073 Ejus
824 993 902 1054 enim
916 995 1025 1074 Vespas
1040 995 1162 1069 Fabula,
1176 1006 1263 1076 quot·

166 1097 239 1166 quot
251 1096 340 1147 erant
354 1086 556 1166 sycophantae,
570 1107 645 1168 quos
661 1088 781 1168 quidem
795 1091 859 1168 ipse
873 1101 960 1151 vocat
978 1091 1122 1164 ἠπιάλους,
1142 1093 1212 1152 lecit
1225 1093 1262 1154 ab

165 1181 285 1262 incepto
299 1181 454 1254 desistere,
467 1201 527 1261 qno
541 1183 617 1244 inter
630 1195 728 1246 cetera
739 1183 867 1246 facinore
878 1195 992 1246 tanturn
1006 1187 1129 1266 placuit,
1139 1197 1173 1248 ut
1183 1187 1264 1248 olea·

166 1277 245 1357 gina,
260 1297 330 1356 ane
344 1297 399 1358 par
412 1287 458 1338 est
472 1297 569 1338 aureae
588 1299 717 1352 coronae,
735 1279 904 1341 donaretur.
945 1281 1061 1342 Deinde
1080 1282 1263 1344 labefactatis

164 1373 267 1452 populi
281 1373 403 1447 viribus,
417 1393 485 1434 cum
499 1375 614 1436 scilicet
628 1376 779 1456 imperium
794 1377 833 1436 ud
847 1395 958 1456 paucos
969 1377 1088 1438 omnino
1099 1376 1263 1450 recidisset,
1298 1437 1301 1446 ,

165 1467 249 1528 nulla
268 1469 367 1546 poetis
390 1469 516 1548 amplius
539 1470 629 1531 libere
651 1469 792 1550 loquendi
816 1471 941 1532 facultas
962 1471 1190 1546 concedebatur,
1209 1471 1263 1534 sed

165 1583 269 1644 prenae
284 1564 357 1626 dare
371 1565 584 1644 potentioribus
599 1583 721 1626 necesse
737 1577 811 1640 erat,
832 1565 858 1627 si
880 1567 946 1646 quis
962 1567 1008 1628 rel
1021 1567 1170 1628 minimum
1185 1577 1265 1630 esset

166 1659 335 1720 oblocutos.
378 1661 460 1722 Idem
485 1663 564 1722 enirn
582 1663 806 1743 Aristophanes,
829 1663 1077 1742 quemadmodum
1097 1663 1128 1722 iu
1150 1661 1263 1724 Achar-

165 1755 309 1817 sensibus
324 1756 439 1818 Fabula
451 1758 490 1818 de
503 1778 535 1820 se
547 1760 611 1838 ipse
625 1757 768 1831 meminit,
789 1758 921 1838 quinque
935 1759 1111 1820 talentorum
1124 1757 1264 1818 mulctam

166 1869 328 1931 perpessus
343 1862 400 1925 est,
424 1864 578 1935 propterea
592 1853 673 1933 quod
687 1853 809 1914 Cleonis
822 1853 976 1933 cujusdam
989 1871 1026 1914 ex
1040 1852 1264 1914 Atheniensium

169 1947 360 2026 optimatibus
383 1948 585 2030 impotentiam
599 1960 630 2009 et
642 1950 812 2029 peculatum
824 1969 877 2029 per
890 1947 1011 2028 Equites
1027 1949 1168 2010 Fabulam
1182 1949 1265 2010 dete·

167 2063 236 2122 gere
250 2053 418 2105 conaretur.
461 2045 575 2106 Etenim
596 2045 639 2104 illi
664 2045 740 2104 adeo
762 2045 818 2106 luit
837 2044 981 2117 iussurus,
1004 2055 1045 2117 ut,
1067 2046 1205 2125 quoniam
1225 2045 1263 2106 sb

166 2140 271 2218 opifice
294 2159 452 2218 munnam
474 2142 581 2202 Cleoni
604 2141 728 2202 similem
749 2141 858 2202 habere
880 2160 940 2202 non
962 2151 1074 2222 posset,
1101 2140 1156 2202 sihi
1180 2139 1263 2200 milto

168 2235 334 2315 ceterisque
356 2236 388 2295 id
412 2255 506 2316 genus
526 2239 602 2298 lucis
617 2237 817 2298 concinnarit:
838 2235 1087 2314 histrionibusque
1100 2255 1162 2314 pras
1175 2234 1264 2296 nimio

168 2341 286 2391 metue
309 2351 401 2393 scena
422 2333 539 2412 prodire
563 2353 622 2394 non
647 2332 836 2406 audentibus,
860 2331 980 2392 Cleonis
1002 2349 1158 2411 personam
1181 2329 1263 2390 solus

169 2445 258 2505 agere
272 2447 333 2488 non
355 2428 504 2491 dubitarit.
546 2431 668 2511 Eupolis
683 2451 752 2491 vero
765 2448 899 2510 preceps
912 2429 941 2488 in
955 2446 1034 2488 mare
1048 2425 1137 2486 datus
1149 2435 1207 2498 est,
1227 2443 1264 2485 eo

168 2521 250 2600 quod
264 2523 447 2602 potentiores
461 2524 576 2604 aliquot
588 2526 618 2584 in
634 2525 735 2604 Buptls
750 2525 850 2586 l'ahula
864 2522 1078 2584 momordisset.
1120 2523 1197 2582 Cunr
1210 2521 1264 2602 igi·

168 2628 216 2680 tur
236 2619 305 2680 brec
326 2621 591 2684 animadverterent
611 2625 719 2702 poetes,
740 2621 934 2683 decreverunt
956 2621 1011 2680 sihi
1033 2621 1094 2680 lore
1111 2639 1265 2699 prorsusa

169 2715 336 2778 maledictis
357 2716 414 2777 illis
432 2717 666 2797 temperandum.
708 2720 813 2799 ltaque
836 2717 904 2798 styli
927 2737 1031 2777 nasum
1053 2717 1092 2774 ob
1111 2715 1264 2776 imminens

169 2811 240 2872 sitm
253 2811 410 2872 discrimen
427 2811 484 2874 alio
497 2824 717 2886 converterunt,
736 2816 874 2892 po'e'rnata
894 2811 1006 2870 scilicet
1027 2809 1149 2869 Homeri
1162 2810 1208 2870 rel
1223 2811 1266 2890 al·

169 2907 260 2968 terius
275 2908 306 2966 in
320 2907 479 2968 ludibrium
491 2928 571 2988 saepe
582 2907 701 2988 quidem
714 2906 852 2987 injuriose
863 2914 1026 2966 vertentes:
1041 2923 1165 2983 quorum
1175 2906 1266 2982 maxi·

170 3023 217 3064 me
231 3003 373 3064 Cratinus
387 3024 486 3065 scenas
498 3006 669 3086 populoque
684 3012 731 3080 (ut
743 3003 838 3078 aiunt)
851 3002 958 3064 servire
971 2998 1132 3062 contendit.
1166 2999 1265 3062 Nove·

170 3109 216 3160 rat
228 3100 306 3160 euim
319 3099 468 3176 (arbitror)
482 3101 511 3160 id
531 3101 613 3180 quod
633 3101 663 3161 in
687 3101 827 3160 Oratione
849 3098 886 3158 de
909 3097 1027 3158 Corona
1049 3096 1265 3158 Demosthenes

170 3195 287 3268 asserit,
308 3216 375 3256 esse
388 3207 494 3258 natura
507 3209 718 3278 comparatum,
734 3208 767 3256 ut
780 3197 914 3256 homines
929 3193 1030 3254 libenti
1045 3192 1143 3254 animo
1154 3194 1265 3256 calum·

170 3292 236 3352 nias
250 3294 373 3354 aliorum
388 3291 488 3352 audire
502 3293 664 3354 rideantur.
701 3293 825 3373 Ulysses
839 3293 937 3372 itaque
952 3289 1058 3371 plurali
1074 3310 1194 3352 numero
1208 3291 1232 3350 F
1233 3311 1265 3350 a·

171 3387 271 3448 bulam
285 3387 379 3461 dedit,
399 3409 469 3468 qum
483 3389 573 3450 totius
587 3389 733 3468 Odysseae
743 3388 969 3450 calumniaretur
983 3385 1144 3446 historiam.
1184 3387 1267 3444 Aris·

171 3483 318 3564 tophanea
343 3504 472 3565 quoque,
504 3496 661 3566 postquam
687 3503 742 3546 suo
767 3485 845 3546 rnalo
868 3494 972 3544 contra
995 3481 1144 3542 stimulum
1168 3481 1265 3542 calces

171 3581 245 3640 nihil
267 3581 366 3642 valere
389 3581 553 3656 didicisset,
574 3583 603 3642 in
625 3583 746 3646 alterurn
762 3602 794 3642 se
808 3581 931 3642 sormam
944 3577 1029 3659 quasi
1050 3577 1174 3638 Proteus
1193 3595 1265 3636 con·

171 3677 270 3750 vertit,
286 3676 402 3738 AEolnm
415 3678 527 3740 scilicet
541 3679 684 3740 Fabulam
699 3698 717 3738 a
730 3678 862 3757 Tragicis
876 3677 945 3736 olim
960 3674 1148 3744 celebratam,
1161 3671 1191 3730 iu
1206 3671 1265 3732 Co·

170 3773 280 3832 micam
295 3777 501 3834 clohoeerrurn
515 3774 677 3836 deridendo
691 3776 875 3855 permutavit.
901 3773 953 3832 llle
966 3769 1042 3830 idem
1054 3766 1266 3844 Aristophanes

170 3869 287 3945 (mirum
303 3868 400 3946 dictu)
410 3889 495 3932 norae
510 3873 599 3932 etiam
613 3871 727 3932 initium
740 3871 901 3931 Comoedia
912 3867 1005 3938 dedit,
1015 3862 1097 3944 quod
1106 3859 1192 3922 velim
1202 3861 1265 3941 ejus

171 3965 295 4044 egregia
307 3963 395 4026 laude
410 3965 521 4028 dictum
536 3967 693 4028 arbitreris.
735 3967 851 4046 Quippe
864 3985 932 4025 cum
945 3981 1022 4022 unua
1035 3962 1098 4042 ipse
1112 3966 1204 4037 queat
1216 3957 1268 4019 tri·

172 4059 258 4138 plicis
273 4061 440 4138 argumenti
453 4063 542 4141 po'e'ta
556 4063 685 4142 reperiri,
706 4061 851 4140 siquidem
872 4071 903 4120 et
920 4059 1018 4133 aliam,
1041 4055 1089 4116 cui
1101 4071 1207 4116 nomen
1221 4065 1269 4114 est

174 4153 298 4226 Cocalo,
317 4155 457 4218 Fabulam
472 4171 654 4222 commentus
675 4179 741 4220 esse
755 4158 871 4232 dicitur,
892 4158 921 4216 in
944 4175 1003 4237 qua
1024 4153 1169 4236 virgiuum
1189 4171 1268 4215 com·
