2958 4892
274 385 341 452 282
561 429 567 440 .
642 397 875 450 snsuorsous
897 399 1002 448 nana

271 543 390 602 Seneca
412 539 489 602 male
509 539 660 620 judicatur
682 539 721 599 de
740 539 863 620 illisqui
877 539 1015 602 Terentio
1028 549 1113 600 erant
1125 537 1172 600 rel
1186 537 1364 619 antiquiora

273 637 320 698 vel
334 645 423 698 estate
436 655 533 716 parce,
546 655 614 696 cum
626 636 705 716 apud
719 655 770 695 eos
785 635 874 696 etiam
886 637 999 696 numeri
1011 636 1104 696 multo
1118 637 1178 696 sint
1191 635 1364 714 impuriores

274 753 363 812 quam
386 732 466 812 apud
491 733 621 812 tragicos
645 732 832 792 recentiores.
873 733 1010 802 Quodsi
1034 733 1090 812 ipsi
1116 733 1204 794 etiam
1227 732 1363 794 Terentio

273 829 362 906 longe
383 829 525 888 castiores
548 829 666 901 luerint,
690 839 721 888 et
741 829 856 907 parcius
878 829 973 889 multo
993 829 1120 890 licentiis
1144 839 1307 901 uterentur,
1334 829 1363 890 id

273 924 397 984 diversis
410 924 558 984 scribendi
572 924 727 1002 generibus
741 924 946 1002 imputandum
959 933 1015 984 eat.
1056 925 1132 984 Cum
1152 923 1318 996 Comoedia,
1330 935 1363 984 ut

270 1020 403 1100 pluribus
417 1021 488 1096 dixi,
501 1022 650 1101 vulgarem
672 1031 703 1082 et
725 1019 866 1100 loquendi
887 1032 918 1082 et
941 1020 1150 1100 pronuntiandi
1172 1020 1363 1080 cousuetudi-

272 1134 339 1176 nem
353 1116 499 1188 imiteturs
523 1118 680 1198 Tragoedia
699 1137 779 1190 vero,
803 1129 837 1178 ut
856 1117 887 1178 in
909 1119 1088 1196 argumentis
1102 1115 1189 1195 longe
1201 1117 1359 1196 majoribus

270 1221 412 1284 versatur,
426 1215 468 1273 ita
486 1213 614 1274 dictione
638 1232 757 1292 quoque
781 1232 846 1286 sua,
870 1223 901 1274 et
921 1210 1080 1292 eloquendi
1103 1211 1216 1272 ratione
1236 1231 1255 1272 a
1275 1213 1360 1290 plebe

269 1309 439 1388 longissime
466 1309 588 1370 recedit.
628 1309 784 1389 Tragoedie
810 1309 889 1369 enirn
913 1319 960 1368 est
982 1310 1089 1389 poema
1110 1307 1218 1379 nobile,
1240 1307 1358 1380 clatum,

270 1403 376 1483 grandi
391 1405 530 1483 lentoque
544 1425 635 1486 passu
654 1404 774 1476 incedit,
799 1413 879 1463 amat
892 1403 979 1476 lecta,
993 1403 1124 1484 pulchra,
1139 1421 1246 1462 sonora
1259 1405 1358 1476 verba,

268 1517 325 1560 nec
339 1499 497 1579 quicquam
512 1519 611 1562 eorum
627 1521 694 1579 quaa
704 1499 824 1580 profert,
839 1509 890 1558 aut
902 1499 1076 1578 praecipitari
1085 1498 1224 1570 relitaot
1233 1500 1358 1560 obscure

267 1595 370 1674 premi.
413 1595 491 1656 Hinc
505 1595 662 1674 Tragoedia
674 1596 703 1655 in
718 1593 846 1654 numeris
860 1593 949 1654 etiam
962 1605 1077 1654 tantum
1097 1613 1116 1652 a
1130 1593 1283 1654 Comoedia
1296 1595 1357 1655 dis·

266 1699 320 1761 tut,
335 1702 365 1752 et
379 1691 506 1752 licentiae
520 1691 548 1750 in
562 1691 638 1751 banc
652 1691 886 1770 frequentissima
900 1699 1037 1770 recepta,
1060 1709 1127 1770 quse
1147 1691 1177 1750 in
1196 1689 1291 1750 altera
1303 1709 1356 1752 ne·

265 1805 415 1864 quaquam
430 1796 530 1846 essent
542 1785 683 1846 ferendas.

307 1879 354 1940 De
368 1882 553 1942 Comicorum
568 1883 645 1942 enim
660 1882 784 1943 licentiis
806 1883 836 1940 in
862 1901 980 1962 genere,
998 1882 1065 1961 jure
1088 1881 1183 1950 dicas,
1203 1879 1285 1961 quod
1298 1880 1354 1942 Te·

264 1974 416 2036 rentianus
442 1975 669 2056 elegantissimis
686 1977 817 2036 versibus
842 1975 915 2036 dixit
937 1975 975 2036 de
999 1977 1139 2055 singulari
1162 1977 1223 2049 illa,
1244 1995 1305 2056 qua
1323 1978 1354 2036 in

265 2069 397 2131 iambicis
411 2071 585 2151 spondaeum
598 2073 645 2133 val
659 2071 808 2152 dactylum
828 2072 858 2131 in
881 2072 1014 2134 secundo
1034 2072 1080 2134 vei
1100 2083 1205 2152 quarto
1218 2072 1286 2134 loco
1299 2091 1354 2155 po·

257 2177 394 2228 ruerunt.

422 2309 482 2372 Sed
497 2313 547 2392 qui
561 2313 711 2392 pedestres
724 2309 840 2372 fabulas
854 2330 943 2372 socco
956 2319 1102 2392 premunt,

421 2403 464 2464 Ut
476 2427 544 2485 qum
557 2407 717 2486 loquuntur
732 2417 828 2466 sumta
841 2405 878 2466 de
892 2407 951 2466 vita
964 2417 1061 2487 putes,

420 2497 535 2561 Vitient
548 2503 676 2562 iambum
690 2503 832 2562 tractibus
847 2502 1027 2582 spondaicis,

418 2593 456 2654 Et
469 2597 498 2655 in
514 2597 645 2658 secundo
657 2609 687 2659 et
700 2595 805 2658 ceteris
820 2619 906 2678 mque
919 2597 1003 2658 locis.

416 2687 578 2774 Fidemque
588 2695 663 2756 fictis
677 2695 748 2754 dum
762 2704 920 2772 procurant
932 2691 1049 2766 subulis,

417 2791 452 2849 ln
467 2800 559 2850 matrs
572 2803 696 2868 peccant
710 2802 782 2862 arte,
797 2810 856 2849 non
871 2790 996 2861 inscitia,

417 2885 464 2944 Na
478 2886 538 2944 sint
549 2905 656 2944 sonora
669 2885 758 2945 verba
771 2883 1004 2958 consuetudinis,
1017 2887 1073 2944 dic.

255 3026 348 3090 lambi
357 3028 475 3108 quidem
490 3029 577 3088 sedes
592 3029 689 3088 Greci
700 3050 817 3110 quoque
832 3031 944 3092 Comici
955 3031 1093 3090 vitiarunt
1101 3028 1245 3090 tractibus
1255 3046 1345 3110 spon·

253 3124 366 3190 deicis;
388 3133 419 3182 et
442 3124 473 3182 id
495 3125 609 3202 insigne
633 3135 679 3184 est
701 3126 857 3187 discrimen
879 3127 955 3186 inter
968 3147 1020 3188 eos
1033 3137 1063 3186 et
1076 3125 1345 3206 Tragoedimscrip·

251 3229 352 3278 toras:
373 3218 427 3278 sed
440 3217 497 3279 hoc
512 3219 609 3280 Graeci
624 3241 698 3281 raro.
742 3223 837 3282 Latini
850 3241 929 3293 vero,
943 3233 977 3282 ut
990 3220 1132 3282 Prisciani
1151 3221 1248 3282 verbis
1266 3229 1344 3292 utar,

252 3312 300 3370 ‘in
315 3311 415 3371 multis
429 3313 544 3374 initium
559 3316 679 3395 aliquod
692 3317 869 3396 accipientes
883 3337 901 3376 a
915 3317 1040 3390 Graecis,
1054 3317 1151 3376 solent
1161 3318 1198 3376 ab
1212 3325 1342 3396 angusto
1465 3361 1466 3372 .

251 3407 282 3466 iu
295 3403 422 3466 effusum
440 3407 568 3469 licentia
591 3411 717 3490 spatium
735 3413 792 3473 boc
811 3411 935 3472 dilatare
945 3413 965 3473 ε’
983 3412 1075 3491 quod,
1092 3421 1126 3471 ut
1145 3409 1217 3483 dixi,
1229 3409 1341 3490 linguae

248 3501 405 3580 plurimum
428 3504 499 3564 vitio
526 3507 698 3567 vertendum
719 3520 775 3568 cst.
817 3508 919 3568 Latine
942 3507 1050 3586 quippe
1073 3507 1234 3566 scribentes
1255 3506 1341 3568 salvo

247 3597 312 3678 puri
326 3599 468 3660 sermonis
482 3601 575 3662 nitore
589 3602 667 3662 haud
691 3605 806 3664 efficere
827 3613 959 3682 potuere,
980 3611 1024 3674 ut,
1049 3603 1079 3662 in
1092 3601 1160 3663 vitm
1174 3603 1339 3664 communis

245 3693 335 3754 rebus
348 3696 556 3776 exprimendis,
570 3700 699 3760 numeria
713 3699 922 3760 astrictioribus
936 3707 1097 3758 uterentur.

287 3789 376 3858 Quod
392 3791 430 3850 ad
444 3811 495 3854 eas
507 3805 604 3854 autem
619 3793 753 3854 licentias
768 3813 842 3873 quas
857 3793 994 3854 adhibuit
1006 3791 1169 3864 Terentius,
1183 3810 1221 3851 na
1234 3789 1339 3852 lectori

245 3883 343 3946 minus
357 3889 515 3950 exercitato
538 3890 584 3950 vel
602 3891 750 3950 minimam
765 3887 1007 3950 offensiunculam
1020 3887 1189 3967 objicerent,
1202 3886 1338 3948 ubicum-

243 3997 302 4056 que
325 3981 356 4039 in
381 3985 527 4060 prosodiae
550 3987 668 4066 regulas
690 3997 838 4067 peccatur,
862 3986 948 4064 signo
970 3984 1070 4062 aliquo
1097 3999 1234 4062 quanam
1256 3993 1339 4044 esset

243 4073 370 4147 licentia,
383 4077 532 4141 indicavi:
554 4082 675 4162 syllabis
698 4093 930 4162 praetermorem
944 4078 1087 4158 correptis
1100 4085 1255 4137 accentum
1270 4077 1336 4138 bre·

243 4187 319 4242 vem,
345 4173 496 4251 productis
518 4175 641 4258 longum
662 4179 804 4260 apposui:
834 4193 934 4238 eorum
952 4173 1040 4236 etiam
1062 4173 1185 4234 alterum
1199 4169 1335 4252 ‘appinxi
