2948 4890
388 407 436 456 na
459 405 609 454 uourors
634 403 945 454 nsuausrorrraus.
1151 385 1214 452 139

120 551 214 632 plani.
243 547 384 609 Tranioni
398 557 496 608 autem
511 565 595 608 serso
610 545 734 625 trepido,
748 547 778 606 in
793 567 824 606 re
838 545 1004 628 desperata,
1019 563 1122 607 versus
1135 564 1214 606 com-

120 647 222 728 positi,
245 655 335 724 atque
356 642 412 702 sihi
436 641 507 722 ipsis
521 651 703 702 constantes.
744 643 814 702 Seni
835 642 1020 724 Teuropidee‚
1039 641 1099 702 viro
1122 643 1215 721 gravi,

119 762 222 824 parco,
237 742 318 812 laeto,
328 749 416 800 aucta
425 758 467 808 re,
481 747 579 798 amoto
591 737 801 798 maritimorum
815 748 894 799 metu
909 737 1115 817 periculorum,
1128 756 1215 797 eerra-

121 838 156 898 rii
181 836 308 898 iambici.
358 832 437 904 Quid
460 833 577 913 grauius
592 833 828 914 Amphitryone?
855 834 925 914 quid
948 827 1045 914 magis
1064 834 1216 894 sutanum

121 953 213 1016 quam
226 933 295 992 finis
311 929 432 991 Fabula
456 928 631 990 conversat
651 929 838 990 concluditur
851 940 947 992 umen
963 930 1075 990 Fabula
1088 929 1215 992 trochai-

121 1031 174 1092 cis.
220 1029 256 1088 ln
270 1025 373 1088 Sticho
388 1036 485 1086 autem
506 1033 567 1086 tam
589 1023 693 1086 iambis
708 1035 822 1104 potant,
844 1045 932 1104 quam
946 1025 1096 1088 trochaeis.
1138 1024 1215 1101 Gur·

122 1125 216 1206 gulio,
229 1141 354 1184 currens
373 1123 403 1181 iu
425 1140 456 1180 re
471 1139 558 1192 nova,
571 1139 650 1180 noso
664 1121 769 1182 nuntio
792 1121 904 1182 vehitur
924 1121 1046 1184 trochei
1062 1122 1145 1182 rotis.
1177 1121 1216 1180 At

83 1225 86 1230 '
121 1221 272 1285 Acanthio
286 1221 317 1279 in
331 1219 497 1280 Mercatore
514 1216 595 1278 haud
609 1217 734 1276 absimili
748 1218 777 1276 iu
792 1237 823 1278 re
837 1217 988 1296 quadratis
1002 1218 1093 1278 utitur
1112 1217 1216 1278 iambi-

123 1321 183 1380 cis:
216 1328 248 1378 at
272 1315 377 1376 iisdem
399 1314 429 1374 iu
453 1313 630 1374 Terentiana
657 1311 833 1374 Phormione
856 1313 934 1374 Geta
954 1315 1017 1394 pari
1040 1315 1070 1374 in
1084 1314 1216 1394 negotio.

124 1413 279 1494 Ergasilus
295 1429 364 1472 rero
386 1409 533 1490 parasitus
557 1409 586 1468 iu
608 1408 751 1487 Captivis,
764 1419 825 1470 tam
838 1409 1006 1482 trochaicis,
1027 1429 1117 1490 qnam
1130 1410 1215 1470 aliis:

123 1531 190 1572 cum
205 1521 307 1571 tamen
330 1508 453 1568 similem
472 1517 573 1586 egeret
596 1525 758 1568 cursuram.
799 1505 1052 1576 Quemadmodum
1073 1519 1104 1568 et
1124 1507 1216 1568 Dina·

124 1607 202 1668 cium
218 1626 303 1688 puer,
317 1605 347 1665 in
362 1603 474 1675 Sticho,
487 1602 582 1663 nuntii
596 1613 699 1664 auctor
712 1603 791 1675 novi,
805 1601 937 1684 utrisque
949 1603 1058 1663 mistim
1073 1623 1145 1664 usus
1159 1613 1216 1664 est.

126 1702 273 1764 Praeterea
286 1701 443 1762 trochaicis
468 1700 589 1779 Harpax
613 1697 727 1760 Carula
751 1699 885 1760 militaris
905 1701 936 1758 iu
961 1698 1122 1772 Pseudulo,
1145 1698 1217 1760 dum
1306 1731 1311 1742 ·

124 1800 262 1860 lenonem
273 1798 390 1878 quaerit.
429 1795 597 1856 Trochaicis
619 1795 750 1856 Erotium
769 1794 906 1856 meretrix
920 1795 950 1855 iu
965 1793 1169 1868 Menaechmis,
1184 1805 1218 1856 ut

125 1897 281 1958 obsonium
305 1891 534 1973 comparandum
549 1901 643 1954 curet.
684 1894 725 1952 At
744 1911 761 1952 e
788 1892 935 1953 contrario
958 1891 1113 1952 trochaicis
1137 1891 1219 1974 Lysi-

125 1993 198 2054 teles
211 1990 400 2062 adolescens,
421 1999 452 2050 et
475 1987 582 2068 gravis,
609 1997 641 2048 et
661 1987 738 2068 frugi
760 1989 790 2048 in
813 1989 1002 2050 Trinummo:
1032 1999 1063 2050 et
1077 1988 1217 2050 Chremes

125 2113 226 2164 unes,
239 2091 285 2151 vir
299 2091 406 2162 bonus
429 2107 465 2148 ac
489 2087 619 2168 prudent
643 2087 675 2148 in
690 2087 814 2162 Andria,
839 2089 915 2150 seria
935 2090 966 2149 in
989 2089 1089 2168 primia
1113 2087 1152 2149 de
1176 2109 1217 2162 rs,

125 2199 248 2270 paterno
270 2186 379 2258 animo,
394 2185 541 2248 constanti
562 2184 785 2264 conquestione.
828 2184 916 2256 Quod
939 2186 963 2245 si
977 2185 1016 2245 ad
1042 2185 1158 2246 Darem
1171 2205 1217 2246 ra·

125 2285 262 2365 spiciunt,
277 2284 328 2362 qui
343 2284 479 2363 sequenti
492 2301 582 2342 scena
590 2282 654 2362 jam
667 2281 759 2342 otium
770 2293 858 2364 atque
869 2282 1111 2362 tranquillitatem
1125 2282 1218 2364 impe·

124 2381 217 2441 raudo
232 2380 301 2453 sibi,
315 2377 493 2440 bellissimus
507 2377 606 2438 fundit
619 2377 795 2450 trochaicus,
805 2379 868 2459 jam
880 2378 938 2460 ipsi
950 2379 1003 2438 illa
1016 2377 1054 2439 de
1066 2375 1216 2440 celeritate

125 2475 237 2556 aliquid
251 2474 417 2535 consultius
432 2473 590 2536 remittant.
633 2475 742 2537 Polites
761 2475 896 2557 proteeto
909 2475 983 2536 istos
1002 2475 1132 2536 comicos
1146 2494 1217 2536 uos

126 2581 226 2644 uates,
239 2581 277 2631 ut
300 2571 331 2630 in
353 2579 481 2632 mentem
498 2581 650 2646 venerant,
663 2592 711 2634 res
724 2573 893 2653 arripuisse,
906 2573 1007 2652 eisque
1017 2590 1153 2633 numeros
1167 2591 1217 2633 ac·

126 2667 333 2730 commodasse
346 2685 420 2726 reor.
461 2665 516 2726 lsti
539 2687 608 2730 sero
626 2667 835 2748 legumlatores
850 2669 928 2741 nori,
941 2668 1071 2748 plerique
1084 2668 1141 2728 hoc
1155 2667 1217 2728 suis

126 2764 263 2825 obtinent
276 2763 403 2843 ἰιιςευίἰι
425 2762 574 2842 peculiare
588 2781 596 2823 t
629 2763 719 2824 semel
740 2764 848 2823 alicubi
864 2763 974 2842 siquid
988 2761 1220 2841 deprehendere,

125 2857 204 2922 illico
227 2877 282 2940 pro
300 2857 367 2938 lage
391 2859 510 2920 habeut.
554 2859 644 2939 Atqui
666 2859 756 2939 longo
779 2860 929 2938 multoque
952 2877 1026 2938 opns
1040 2868 1088 2918 cst
1108 2859 1217 2931 studio,

126 2971 173 3018 est
184 2975 262 3037 opus
276 2954 401 3016 consilio
414 2953 562 3034 prudenti,
576 2953 637 3015 acri
646 2953 761 3034 judicio
774 2973 851 3034 opus
869 2965 932 3016 ast:
953 2973 1121 3034 quanquam
1135 2957 1219 3034 eqnir

126 3051 194 3112 dem
208 3071 269 3112 non
283 3051 425 3128 negmim,
441 3049 617 3110 Fabularum
633 3051 734 3124 initiis,
748 3051 798 3111 uhi
816 3053 928 3112 animos
943 3069 1088 3132 auresque
1101 3063 1219 3132 specta·

127 3157 222 3210 mrum
247 3147 385 3207 trimetris
413 3147 544 3207 versibus
578 3146 764 3218 imbuissent,
798 3147 854 3228 ipsi
885 3147 941 3208 sibi
962 3167 1017 3208 sno
1041 3147 1128 3228 quasi
1149 3147 1217 3226 jure

126 3259 258 3325 agerent,
283 3243 424 3322 deinceps
448 3242 634 3321 interspersis
659 3241 767 3302 alicubi
789 3241 923 3322 ejusdem
947 3244 1062 3324 generis
1085 3243 1218 3316 saumis,

124 3339 213 3420 idque
226 3359 325 3420 neque
339 3357 464 3417 semper,
478 3356 574 3417 neque
595 3350 726 3410 coactos,
747 3357 842 3418 neque
856 3337 994 3400 consulto
1006 3339 1156 3400 factitasse
1167 3357 1218 3400 er·

124 3435 300 3496 intimamus.
334 3433 401 3494 Fuit
413 3446 511 3494 umen
526 3433 582 3494 hoc
596 3431 654 3492 illis
669 3432 698 3492 in
712 3451 792 3494 more
806 3433 945 3513 positum,
955 3445 989 3496 ut
1003 3435 1218 3497 narrationibus

126 3531 273 3592 trimetros
300 3529 410 3609 majore
436 3548 473 3590 ex
497 3539 580 3609 parte
601 3529 797 3608 adaptarent:
828 3550 924 3611 neque
957 3532 1052 3592 solum
1077 3531 1107 3592 in
1131 3551 1220 3611 argu·

125 3629 243 3702 mentis,
258 3639 311 3689 aut
325 3628 459 3708 prologo,
473 3639 524 3688 sut
537 3628 658 3708 protasi,
673 3627 726 3687 sed
740 3629 827 3690 etiam
841 3629 920 3710 apud
930 3649 1218 3710 personaseas,qurs

123 3726 212 3785 etiam
226 3724 309 3785 ahud
323 3733 455 3804 agerent.
504 3725 758 3794 Quemadmodum
785 3745 853 3786 cnm
873 3726 974 3787 Dacus
999 3727 1029 3784 iu
1044 3727 1166 3798 Andria,
1180 3727 1219 3786 de

126 3819 191 3882 aliis
206 3819 295 3881 rebus
310 3821 446 3901 loquens,
460 3821 518 3882 alia
531 3823 622 3882 utitur
642 3841 780 3883 versuum
800 3822 1003 3882 dimensione:
1025 3821 1075 3880 ubi
1088 3821 1127 3881 ad
1152 3839 1219 3882 nar·

126 3917 269 3977 rationem
295 3915 452 3978 deventum
476 3929 533 3989 est,
557 3917 595 3978 de
623 3917 690 3977 nari
719 3917 812 3978 fracta
840 3917 918 4000 apud
947 3916 1089 3989 Andrum,
1109 3916 1147 3978 ad
1169 3918 1219 3978 tri·

126 4024 239 4074 metros
249 4012 420 4072 divertitur:
441 4013 506 4073 ‘Ad
520 4013 585 4074 hrec
606 4015 693 4086 mala,
714 4013 770 4074 hoc
788 4013 858 4074 mibi
873 4013 990 4074 accedit
1009 4013 1118 4076 etiam:
1153 4013 1219 4074 hmc

127 4107 263 4168 Andria!
305 4108 416 4170 Eadem
442 4109 594 4191 diligentia
612 4111 641 4171 in
663 4111 807 4190 epistolis.
848 4111 882 4170 lu
907 4109 1057 4170 Pseudulo
1070 4110 1107 4170 ab
1122 4109 1218 4192 longis
1302 4187 1306 4196 Ι

126 4207 155 4266 in
169 4205 304 4266 auarior
325 4206 500 4268 deflectitur.
542 4207 577 4268 lu
598 4207 733 4268 Asinaria
752 4227 879 4290 quoque,
899 4206 980 4290 quod
1008 4217 1126 4290 pactum
1147 4225 1218 4268 con·
