2948 4890
234 399 278 463 74
657 414 706 462 nn
729 413 917 464 ruaurno.

234 562 377 622 baberent
400 575 538 636 maguam
562 553 774 616 salubritatem.
826 555 1029 635 Replebaotor
1053 573 1181 634 quoque,
1209 567 1329 618 auctora

236 657 344 728 Plinio,
369 655 441 714 flora
456 653 533 712 croci
552 650 714 730 sylvestris,
739 662 858 732 propter
872 652 1023 712 oculorum
1039 651 1274 719 oblectationem,
1297 663 1330 711 ιιι

234 762 318 834 puto,
336 750 431 830 magis
444 767 534 828 quarn
548 746 587 807 ad
602 746 722 807 odorem
736 746 966 807 conciliandum.
1008 747 1087 815 Quin
1103 747 1188 806 etiam
1204 765 1242 806 ne
1257 747 1329 806 solis

235 848 323 909 ardor
340 857 392 906 aut
411 845 498 906 etiam
513 853 691 922 conspectus
715 841 856 922 populum
873 845 911 902 ab
931 844 1028 902 officio
1044 843 1221 914 deturbaret,
1236 855 1327 922 utque

234 943 381 1006 salubrius
400 949 581 1020 spectatores
600 938 816 1016 conspicerent,
830 943 911 1014 (nam
936 939 1065 1016 porticus
1081 949 1198 1016 propter
1219 939 1327 998 imbres

234 1051 349 1102 tantum
363 1037 523 1098 edificatae
533 1036 674 1108 suerunt)
693 1035 863 1112 excogitata
881 1047 952 1094 aaut
966 1035 1041 1094 Vela
1055 1045 1117 1094 toto
1131 1033 1268 1106 Theatro,
1283 1050 1329 1096 at·

235 1158 292 1217 que
307 1136 381 1196 adeo
395 1134 451 1213 ipsi
470 1131 589 1192 Theatri
613 1149 712 1190 cavere
738 1141 927 1210 supertensae
944 1151 1011 1210 quoe
1036 1131 1249 1210 spectatoribus
1264 1150 1327 1190 unr-

234 1235 316 1294 bram
339 1232 489 1292 lacerent:
511 1225 592 1305 quod
613 1223 724 1304 primus'
747 1225 877 1285 omnium
902 1227 1014 1286 invenit
1038 1227 1075 1295 Q.
1098 1227 1234 1296 Catulus,
1259 1247 1327 1288 cum

234 1327 411 1409 Capitolium
427 1323 587 1384 dedicaret.
629 1322 914 1382 Carbasinadeiode
928 1323 993 1382 vela
1016 1321 1124 1402 primus
1147 1323 1176 1382 iu
1199 1324 1327 1386 Theatra

233 1424 352 1486 duxisse
366 1421 493 1482 traditur
507 1417 648 1478 Lentulus
663 1418 802 1497 Spinther
816 1419 1035 1498 Apollinaribus
1051 1418 1158 1478 Ludis:
1181 1437 1248 1478 mox
1272 1419 1328 1494 (ait

231 1521 358 1596 Plinius)
379 1517 481 1576 Caesar
504 1515 639 1574 Dictator
661 1523 756 1573 totum
779 1515 874 1574 sorum
897 1516 1063 1574 Romanum
1086 1513 1200 1574 interit.
1244 1515 1325 1574 Nero

233 1617 336 1676 Coesar
348 1614 431 1684 velis,
444 1610 617 1672 rudentibus
631 1611 830 1688 superstratis,
842 1621 874 1670 et
886 1611 985 1671 colore
1000 1609 1066 1670 corii
1081 1609 1191 1669 stellati
1203 1609 1327 1690 Amphi·

230 1713 377 1774 theatrum
391 1707 532 1780 coutexit,
553 1717 587 1766 ιιι
600 1705 692 1766 solem
706 1706 910 1768 defenderent.
950 1709 1015 1766 lma
1028 1705 1145 1766 Tbeatri
1160 1705 1257 1779 sedes,
1278 1707 1327 1766 vel

231 1809 328 1888 potius
351 1806 381 1866 id
405 1805 533 1884 spatium
554 1801 635 1881 quod
649 1803 687 1861 ab
700 1803 759 1862 ima
773 1803 844 1863 sede
865 1803 982 1864 Tbeatri
997 1802 1188 1881 interjacebat
1202 1802 1326 1880 pulpito,

231 1904 393 1964 Orchestra
405 1901 568 1970 dicebatur,
590 1899 675 1977 quasi
693 1900 886 1974 saltatorium,
909 1899 990 1980 quod
1011 1899 1082 1970 illic,
1105 1897 1184 1977 apud
1200 1898 1325 1960 Graecos

230 2009 261 2060 et
274 1996 354 2078 apud
374 1995 493 2056 Latinos
509 1993 699 2071 antiquiores,
720 1994 862 2056 saltantes
887 1996 1044 2056 histriones
1067 1993 1178 2074 populo
1192 1995 1324 2056 oblecta-

229 2095 339 2156 tionem
353 2093 500 2162 afferrent,
515 2090 626 2150 interea
640 2089 710 2149 dum
725 2101 808 2152 actos
820 2103 1079 2151 commutarentur.
1107 2090 1140 2148 ln
1155 2109 1220 2150 eam
1234 2092 1323 2152 etiam

229 2190 400 2270 Tbymelici,
422 2188 478 2248 boc
492 2196 548 2257 est,
572 2185 751 2258 Citharisten,
767 2187 938 2260 Citbarcedi,
953 2187 1100 2248 Tibicines
1115 2205 1185 2246 suas
1199 2199 1323 2266 praesta-

227 2289 302 2348 bant
312 2285 443 2346 actiones
458 2284 530 2364 ipsis
540 2283 663 2354 Graecis,
674 2292 763 2360 atque
777 2282 807 2342 id
822 2283 950 2363 spatium
962 2279 1228 2360 comprehendebat
1243 2284 1322 2364 apud

228 2385 376 2461 antiquos,
390 2379 470 2460 quod
485 2399 539 2440 ceu
554 2387 686 2438 centrum
697 2376 815 2438 'I'beatri
831 2380 869 2438 ab
885 2379 944 2439 imo
958 2377 1051 2459 gradu
1063 2375 1100 2436 ad
1115 2377 1258 2457 pulpitum
1274 2401 1325 2440 us·

228 2499 285 2559 que
300 2497 397 2538 scenae
411 2493 535 2536 vacuum
551 2473 779 2552 relinquebatur.
823 2475 855 2534 ln
871 2475 1062 2536 Theatrorum
1087 2475 1244 2536 orobestris
1264 2475 1323 2553 (in-

228 2574 293 2653 quit
306 2572 432 2648 Plinius)
446 2571 535 2630 scobe
549 2579 602 2629 aut
616 2588 705 2628 arena
719 2571 884 2650 superjecta
898 2593 955 2632 vox
969 2573 1137 2644 devoratur,
1157 2583 1187 2632 et
1212 2572 1241 2630 in
1256 2571 1323 2632 rudi

227 2669 370 2748 parietum
384 2667 593 2745 circumjectu:
613 2676 791 2746 quapropter
812 2669 948 2730 existimo
963 2671 1054 2748 probe
1068 2668 1260 2730 emundatum
1274 2669 1321 2728 iu-

225 2766 296 2840 isse,
310 2762 468 2846 siquando
483 2762 613 2842 pugilum
630 2759 721 2820 Ludis
736 2781 825 2823 arena
839 2783 1000 2844 conspersa
1013 2765 1169 2825 videretur.
1213 2763 1321 2824 Novis·

226 2863 298 2922 sime
311 2873 408 2922 autem
423 2859 502 2938 apud
527 2858 677 2918 Romanos
701 2859 852 2920 orchestra
876 2861 1061 2920 senatoribus
1083 2860 1182 2920 dicata
1201 2859 1266 2932 fuit,
1289 2860 1320 2918 in

225 2977 283 3037 qua
294 2955 580 3018 honorificentiorum
591 2963 675 3014 erant
685 2955 750 3015 loca
761 2955 927 3033 designata,
938 2968 1056 3036 propter
1066 2953 1318 3016 commoditatem:

225 3064 259 3113 ut
271 3051 352 3124 inde,
365 3071 424 3111 non
440 3051 535 3110 solum
547 3049 637 3108 verba
650 3057 681 3107 et
695 3061 808 3127 gestus,
823 3049 876 3109 sed
893 3052 979 3110 etiam
995 3052 1102 3130 pedum
1117 3052 1275 3124 motiones,
1288 3063 1320 3112 et

223 3148 270 3208 val
283 3147 401 3206 minima
414 3164 539 3224 qumque
553 3143 777 3222 conspicerent:
799 3147 948 3226 proximus
972 3148 1048 3207 enim
1070 3149 1116 3208 bic
1131 3147 1240 3226 gradus
1254 3159 1318 3207 erat

223 3241 337 3324 pulpito
352 3259 460 3314 scenae,
474 3238 511 3298 de
526 3238 609 3317 cujus
622 3241 835 3320 compositione
850 3262 918 3303 mox
932 3243 1091 3304 dicendum
1105 3253 1161 3304 est.

228 3483 230 3490 ‘
272 3459 434 3524 POSITIO
457 3461 508 3521 ΕΤ
528 3460 817 3522 CONSTRUCTIO
839 3461 984 3522 SCENAE
1004 3463 1048 3524 IN
1069 3461 1274 3523 THEATRO.

243 3625 338 3684 ·Ante
350 3623 520 3698 Theatrum,
534 3643 589 3684 ceu
610 3624 691 3684 frons
705 3623 843 3703 quaedam
857 3625 962 3705 ipsius,
986 3627 1083 3686 Sccna
1099 3623 1236 3705 opposita
1250 3623 1316 3694 luit,

220 3741 274 3800 pro
288 3741 319 3781 re
333 3729 404 3780 nata
418 3729 449 3780 et
462 3707 579 3800 agenda
593 3720 746 3782 Comoedia
760 3725 811 3780 aut
824 3715 981 3802 Tragoedia
1000 3733 1168 3784 exstructa:
1193 3739 1252 3778 uno
1264 3731 1317 3778 aut

220 3818 313 3877 altero
334 3825 449 3877 tantum
476 3816 524 3876 die
539 3817 605 3876 usui
623 3815 739 3876 futura:
762 3816 819 3876 nisi
833 3817 957 3878 tortasse
980 3817 1098 3897 ligneus
1112 3827 1271 3894 apparatus
1284 3815 1315 3872 in

220 3912 332 3992 aliquot
355 3911 419 3972 dies
438 3912 625 3992 proferretur.
677 3910 754 3970 Nam
780 3911 818 3970 de
843 3913 940 3972 scenis
963 3913 1134 3984 sumtuosis,
1155 3923 1185 3970 et
1209 3921 1316 3990 praeter

218 4007 464 4067 consuetudinem
479 4025 569 4086 supra
583 4005 703 4066 modum
726 4006 953 4078 luxuriantibus,
968 4007 1014 4068 bic
1036 4027 1096 4066 non
1111 4005 1313 4084 intelligimus.

218 4103 253 4162 in
268 4101 347 4164 bunc
366 4112 465 4164 autem
489 4101 609 4162 modum
632 4102 777 4181 disposita
800 4114 872 4176 erat,
894 4114 1037 4183 quantum
1062 4122 1118 4182 ego
1143 4103 1314 4180 conjectura

219 4198 337 4277 assequi
357 4217 488 4279 possum.
539 4199 637 4260 Saena
660 4197 736 4260 binis
755 4198 945 4281 pluribusque
966 4199 1235 4279 contignationibus
1261 4209 1314 4259 aut
