3012 4892
448 1050 928 1154 sunnnrssrrro

484 1313 899 1410 GALLIARUM

301 1579 1101 1703 DELPHINO

406 1884 641 1952 LUDOVICI
665 1887 828 1954 MAGNI
855 1889 994 1955 FILIO.

566 2161 825 2176 *ᾑ-

564 2177 827 2200 ψ

150 2389 396 2481 Transururr
412 2417 503 2495 Tibi,
520 2419 722 2484 Ducuntur
739 2419 1012 2498 Snnsnrssrrrn,
1039 2441 1116 2486 cum
1144 2422 1245 2488 Notis

152 2538 193 2582 ac
208 2519 464 2584 Commentariis
479 2539 594 2584 recens
605 2521 742 2598 editum,
758 2541 811 2598 ee,
822 2541 886 2605 qna
903 2541 965 2606 par
979 2528 1039 2599 est,
1053 2527 1245 2604 reverentia,

151 2621 271 2701 effern3
293 2639 423 2698 munus,
442 2629 481 2686 ut
503 2642 612 2706 spero,
636 2643 701 2687 nou
723 2625 908 2704 ingratum
927 2629 995 2688 tum
1019 2625 1100 2707 qnia
1115 2631 1190 2690 tuns
1211 2627 1246 2690 in

151 2727 394 2808 ususparatnm
406 2731 469 2800 est,
484 2731 553 2787 turn
565 2726 644 2808 quia
660 2745 764 2806 genus
775 2725 838 2789 lroc
848 2729 1068 2791 arnoeniorunr
1077 2727 1246 2792 literarum

152 2825 270 2893 lubens
287 2844 329 2889 ac
351 2827 449 2890 laetus
467 2827 610 2910 excipis.
656 2825 783 2905 Quanti
807 2826 949 2890 Potitum
969 2828 1056 2891 hunc
1079 2847 1101 2890 a
1123 2829 1246 2892 teneris

152 2947 251 3010 paene
265 2928 454 3008 unguiculis
469 2929 659 3006 aestimaris,
673 2937 740 2992 tarn
757 2929 910 2992 omnibus
932 2935 1048 2994 notum
1070 2935 1132 3006 est,
1146 2949 1247 3012 quam

153 3029 232 3094 'l'ibi
254 3029 444 3113 gloriosum.
504 3029 617 3116 Hujus
644 3031 699 3096 Tu
720 3029 855 3095 fabulas
878 3038 1038 3097 nocturna
1066 3031 1249 3116 diurnaque

153 3151 252 3196 manu
276 3133 445 3209 versabas,
470 3133 603 3216 lepidos
624 3133 748 3216 ubique
772 3131 862 3196 seles
882 3132 971 3197 belle
995 3153 1100 3218 supra
1114 3139 1249 3198 ararem

153 3235 341 3312 mirabaris,
362 3239 396 3300 et
418 3241 487 3300 tam
508 3240 649 3298 venuste
670 3233 848 3311 recitabas,
871 3253 971 3317 quum
994 3235 1051 3298 ille
1069 3237 1250 3320 scripserat

154 3337 330 3420 eleganter.
380 3335 485 3402 Hunc
514 3355 592 3419 ergo
622 3335 733 3418 Regin
759 3334 884 3398 nomini
914 3343 974 3400 tun
1003 3335 1250 3400 inscribendum

154 3438 250 3517 duxi,
265 3459 363 3523 quern
383 3439 436 3503 Tu
460 3457 530 3521 prae
553 3439 671 3502 celcris
689 3437 820 3501 Latinae
836 3435 972 3518 Linguae
994 3437 1185 3502 auctoribus
1200 3437 1251 3502 di·

155 3541 289 3620 dicisti3
311 3547 361 3617 ut,
377 3545 534 3624 qnantum
547 3539 626 3604 Tibi
642 3539 752 3603 attulit
770 3539 895 3602 fructus
911 3545 946 3602 et
962 3539 1157 3622 voluptatis,
1177 3547 1250 3603 tau·

156 3654 225 3706 turn
247 3643 279 3706 ei
299 3641 414 3725 gratiae
436 3639 560 3704 reseras
580 3659 622 3704 uc
639 3638 800 3722 praesidii.
845 3639 882 3704 le
897 3641 984 3704 enirn
994 3641 1067 3725 jam
1082 3661 1133 3718 er,
1151 3641 1250 3706 Den-

159 3760 276 3808 rursu
292 3743 564 3820 Sanunrssruu,
580 3741 638 3825 qui
653 3741 794 3823 ingenia,
818 3749 944 3824 quanta
961 3742 1037 3819 siut,
1062 3743 1146 3807 tanti
1161 3743 1251 3806 aesti-

156 3865 247 3924 mes3
270 3853 306 3909 et
320 3844 495 3910 doctorum
510 3843 679 3908 hominurn
702 3843 825 3906 lauram
844 3849 901 3908 tuo
917 3863 982 3908 nnn
997 3851 1122 3908 tanturn
1137 3851 1251 3927 patru-

159 3948 259 4026 cinio,
282 3946 340 4012 sed
355 3947 456 4010 etiam
469 3945 602 4028 jndicio
626 3947 761 4010 tuearis.
807 3945 899 4011 Hinc
915 3946 963 4021 fit,
977 3953 1015 4010 ut
1026 3963 1146 4028 magua
1161 3965 1252 4010 com·

159 4049 339 4127 mendatio,
358 4067 516 4132 maguum
540 4048 652 4112 laudis
674 4047 821 4131 publicae
845 4047 1076 4131 praejudicium
1095 4047 1151 4124 sit,
1173 4047 1253 4112 Tibi

161 4151 299 4215 nondum
324 4151 526 4216 adolescenti
541 4151 719 4234 placuisse.
764 4147 867 4227 Quod
891 4147 1023 4233 quidem
1043 4149 1078 4214 in
1097 4149 1148 4212 Te
1169 4169 1254 4233 pree-

164 4249 247 4318 stitit
258 4253 393 4338 sapiens
409 4273 448 4317 ac
459 4253 575 4320 sedula
591 4254 745 4337 puerities
758 4257 822 4318 tnee
833 4252 1005 4318 institutio.
1050 4251 1253 4334 Quanquam

172 4415 176 4420 .
225 4369 346 4434 nerana
361 4369 417 4422 l'rr.
430 4361 495 4421 clar.
674 4371 767 4420 Terent.
1166 4367 1188 4415 Α
