3012 4892
599 407 805 458 PRAEFATlO.
1228 397 1250 462 9

148 547 287 620 laudavi
303 569 421 636 supra.
467 551 555 618 Huc
571 572 633 636 ego
649 554 782 636 κειμήλια
797 555 913 638 quanti
936 555 1086 634 fecerim,
1109 555 1249 622 saciam-

150 672 226 735 que,
240 653 354 718 verbis
368 655 555 738 exprimere
565 675 630 720 uon
644 677 805 740 possum3
827 663 921 724 tanto
935 659 1055 740 magis,
1070 657 1161 742 quod
1175 659 1248 724 nul-

149 753 218 817 lum
233 754 300 819 sibi
317 755 434 821 divitis
449 756 644 822 Academias
659 757 867 822 oxoniensis
891 758 1045 842 aliosque
1072 758 1248 824 Britanno-

149 875 223 920 rum
238 857 372 923 loculos
385 859 598 942 perlustranti
610 860 776 944 repertum
790 861 916 928 Donati
928 861 1046 944 scripti
1057 860 1248 943 exemplum

149 957 231 1022 mibi
246 957 427 1025 affirmauit
439 960 665 1026 Doctissimus
679 963 893 1027 Abrahamus
908 961 1110 1027 Gronovius.
1132 958 1246 1046 Atque

150 1077 173 1122 o
196 1062 327 1124 utinam
349 1063 472 1146 integer
493 1071 686 1146 superesset
709 1063 882 1129 Donatus!
928 1062 983 1128 lta
997 1081 1076 1128 vero
1091 1061 1198 1128 multe
1212 1060 1247 1128 iu

151 1157 367 1226 Geminorum
390 1163 557 1246 Principe,
573 1184 651 1248 quse
675 1165 775 1228 etiam
799 1183 887 1230 nunc
911 1165 1009 1247 quasi
1032 1164 1067 1227 in
1090 1163 1245 1229 interiore

150 1263 272 1344 angulo
285 1265 456 1330 recondita
469 1267 585 1344 latent,
601 1268 727 1332 dudum
742 1267 907 1332 illustrata
921 1285 1081 1332 corrueres.
1109 1261 1247 1345 Verum,

151 1371 190 1428 ut
204 1383 296 1429 uuuc
311 1371 375 1444 est,
391 1369 540 1432 contenti
557 1369 662 1434 simus
676 1369 741 1434 hoc
757 1367 897 1434 Getone.
941 1365 1080 1432 Accidit
1093 1367 1247 1432 nimirum

151 1467 281 1550 optimo
296 1467 486 1554 interpreti,
500 1471 592 1554 quod
608 1471 775 1536 accidisse
790 1471 873 1536 olim
885 1471 1037 1555 pluribus
1051 1488 1117 1534 non
1138 1470 1247 1552 pessi-

151 1587 215 1634 rnre
229 1575 320 1635 notae
334 1570 562 1655 scriptoribus
585 1575 702 1638 merito
725 1573 838 1638 dolent
861 1571 1006 1650 Eruditi,
1029 1579 1069 1636 ut
1091 1571 1246 1636 nimirum

152 1671 240 1734 hona
256 1677 311 1736 sni
325 1679 421 1754 parte
434 1675 579 1739 mutilati
595 1675 638 1738 ad
653 1693 713 1740 nos
724 1674 946 1759 pervenirent.
978 1673 1072 1752 Quid
1088 1673 1247 1738 Erasmus

151 1772 288 1855 quidem
303 1773 346 1838 de
361 1780 476 1840 nostro
490 1776 554 1841 hoc
570 1777 707 1842 Donato
722 1777 895 1855 censuerit,
910 1777 966 1842 rel
980 1775 1116 1840 'litulus
1140 1775 1249 1840 Editi-

152 1875 226 1938 onis
244 1873 465 1942 Frobenianae
479 1877 617 1955 iudicat,
631 1879 666 1944 in
679 1879 829 1962 quohaec
843 1879 1013 1960 leguntur:
1030 1877 1171 1942 ‘Habes
1180 1877 1246 1956 hic,

151 1977 271 2044 Amice
286 1980 418 2060 lector,
434 1981 476 2046 Ρ.
487 1983 637 2047 Terentii
652 1981 857 2062 Comoedias,
869 2001 935 2048 uua
949 1981 1185 2048 cum'Scholiis
1201 2001 1246 2048 ex

152 2081 290 2159 Donati,
305 2079 440 2166 Asperi,
456 2091 490 2149 et
504 2083 643 2149 Cornuti
658 2083 911 2148 Commentariis
926 2083 1116 2169 decerptis!
1138 2083 1247 2168 Aspe-

152 2183 331 2267 riquidem
345 2187 399 2250 vel
424 2186 592 2265 Donatus,
615 2187 670 2252 vel
694 2187 898 2271 quicumque
917 2186 1005 2252 alius
1030 2185 1179 2252 meminit
1202 2185 1246 2251 ad

152 2283 298 2370 Adelph.
322 2303 370 2352 rr.
393 2289 425 2354 2.
448 2289 502 2354 2⁰.
550 2287 701 2354 Annuus
730 2287 851 2352 Celsus
876 2291 911 2351 et
932 2287 1097 2352 Helenins
1120 2285 1245 2365 Acron,

152 2385 384 2466 Grammatici,
415 2391 473 2474 qui
500 2390 645 2456 Terentii
675 2389 878 2473 Interpretes
906 2388 1041 2466 suerint,
1067 2387 1247 2454 laudantur

152 2487 318 2556 Charisio.
363 2492 418 2556 De
432 2492 560 2570 horum,
577 2493 635 2558 scd
651 2499 686 2557 et
699 2492 742 2557 de
757 2491 873 2574 Capri,
896 2491 1012 2569 Probi,
1036 2489 1246 2574 aliorumque

152 2599 252 2660 utute
266 2592 379 2658 dicere
393 2593 474 2658 nihil
488 2593 608 2658 babeo.
653 2592 747 2671 Quid
762 2611 861 2676 porro
876 2592 918 2658 de
935 2591 1066 2678 judicio
1082 2597 1116 2658 el
1129 2599 1245 2658 aucto·

152 2696 248 2758 ritate
263 2694 565 2760 Grammaticorum
580 2695 791 2762 statuendum
809 2696 866 2774 sit,
880 2694 1038 2760 edisserit
1053 2694 1246 2758 illustrissi-

152 2815 228 2860 mus
252 2794 402 2877 Scaliger
423 2795 467 2860 ad
490 2795 626 2880 Virgilii
650 2795 789 2880 Gopam.
834 2797 957 2860 Petrus
979 2815 1057 2860 vero
1079 2793 1246 2871 Nunnius,

155 2895 304 2962 Miscell.
320 2895 381 2959 lib.
396 2911 421 2960 t.
436 2915 466 2960 c.
480 2897 513 2962 c.
537 2896 698 2980 ‘Aliquis
712 2895 893 2972 indoctus,'
906 2896 1025 2978 inquit,
1041 2899 1051 2930 ‘
1060 2893 1247 2960 indoctissi-

154 3001 217 3063 mis
232 2999 347 3064 rerbis
361 2998 579 3082 paraphrasin
594 2999 731 3084 scripsit
744 2999 780 3063 in
792 2997 973 3062 Donatum.
1017 2996 1057 3061 ld
1068 2997 1139 3080 J'am
1154 3017 1248 3063 mun·

155 3101 201 3167 do
217 3101 406 3167 obtruditur
420 3117 483 3183 pro
508 3099 670 3164 Donato!
712 3098 877 3183 Loquitur
889 3105 1001 3164 autom
1016 3098 1059 3164 de
1075 3097 1247 3164 Commen-

153 3205 247 3268 tariis
262 3203 297 3268 iu
312 3201 447 3286 Virgilii
463 3200 618 3268 AEneida.
663 3201 760 3266 Idem
775 3219 854 3266 vero
869 3200 952 3266 alibi
972 3199 1015 3265 de
1036 3199 1246 3266 Terentiauis

153 3325 252 3389 ageos
286 3303 574 3370 ‘indoctissimum
597 3301 822 3368 nebulonem’
842 3307 954 3381 uocat,
974 3303 1055 3386 ‘qui
1076 3321 1139 3386 pro
1152 3301 1245 3368 AElto

153 3409 294 3494 ,Donato
308 3427 347 3472 se
360 3405 602 3472 venditaverit?
646 3405 767 3471 Nihilo
783 3405 898 3470 mitius
912 3405 953 3468 de
969 3423 1011 3470 eo
1019 3405 1183 3489 judicium
1197 3402 1247 3468 t‘u·

152 3513 193 3577 lit
214 3508 425 3592 Tanaquilus
451 3509 571 3587 Faber,
594 3507 639 3572 ed
664 3505 782 3572 Phaed.
807 3523 832 3572 r.
847 3511 881 3573 4.
905 3505 1048 3571 ‘Dicam
1072 3506 1246 3584 audacter,

152 3613 212 3680 sed
224 3632 315 3692 vere,
330 3630 396 3676 nou
409 3611 518 3694 mama
535 3609 685 3676 Seruium
697 3609 799 3675 hodie
812 3610 983 3686 habemus,
1003 3627 1105 3692 qnam
1119 3609 1246 3674 Donati

152 3717 187 3781 in
199 3715 391 3780 Terentium
406 3712 686 3780 Commentarios.
730 3711 901 3797 Excerpta
918 3717 1044 3776 tantum
1059 3717 1244 3794 supersunt,

151 3825 187 3884 et
199 3817 326 3902 sepius
347 3835 368 3880 a
392 3816 481 3881 mela
496 3814 619 3880 manu!
662 3815 803 3880 Temere
829 3815 919 3898 loqui
945 3813 1077 3878 credist
1122 3811 1244 3890 ‘Quod

153 3915 400 3993 demonstrare,’
423 3915 528 3996 addit,
551 3917 605 3982 ‘si
619 3917 696 4002 quis
706 3915 770 3982 sibi
785 3915 948 3999 postulet,
960 3919 1028 3979 tam
1044 3913 1198 3996 equidem
1209 3913 1245 3979 id

151 4022 282 4106 possim
296 4020 412 4098 facile,
426 4039 527 4103 quam
543 4019 731 4097 ostendere,
745 4020 796 4092 Δὶς
807 4015 852 4082 δύο
863 4015 931 4080 rheu
944 4013 1091 4104 vinage!
1127 4013 1245 4094 Quan-

153 4141 255 4206 quam
269 4122 398 4188 eeadem
413 4140 468 4188 res
491 4121 525 4186 iu
548 4122 685 4187 Donato
699 4137 933 4202 nonuunquam
949 4119 1003 4182 bis
1018 4123 1108 4182 terve
1123 4117 1246 4200 repeti·
1308 4203 1311 4216 Ι

153 4232 207 4304 tm,
220 4242 457 4309 nonnunquam
472 4224 659 4303 contrariae,
673 4215 805 4290 Erasmi
816 4219 985 4305 jndicium
993 4218 1122 4287 firmare
1130 4220 1245 4286 viden·
