2948 4890
235 383 280 452 86
468 395 651 448 nannents
673 393 817 444 uernans
841 391 1101 444 nrsseassrro.

237 544 322 606 nus!
343 543 446 602 Omnis
461 547 559 600 autem
580 537 713 608 imitatio,
730 545 766 596 ut
787 544 894 616 postea
906 533 1040 598 dicemus
1053 535 1198 616 pluribus,
1220 547 1328 599 natura

236 643 335 721 placet
348 649 378 698 et
391 638 528 697 delectat.
561 634 628 694 Hoc
642 634 720 694 enim
732 631 881 712 proprium
895 641 942 692 est
955 631 1091 705 hontiuit,
1105 642 1139 692 ut
1152 641 1231 694 tecle
1245 635 1329 694 Aris-

237 736 354 808 toules,
368 734 419 814 qul
432 744 463 793 et
474 733 690 812 pqursus'rrnros
702 740 758 790 rim
770 731 862 802 debr,
877 729 980 790 merito
1001 729 1038 789 ab
1057 749 1093 790 eo
1107 729 1221 792 dieitur.
1261 731 1329 792 Jocl

237 853 318 904 vero,
340 831 365 889 si
389 840 527 910 petantur
549 825 689 905 undique,
703 824 820 886 molesti
834 844 870 886 ac
882 825 992 906 frigidi,
1006 835 1058 886 aut
1071 826 1229 887 theatrales
1243 827 1329 899 liunt,

239 929 264 991 si
278 949 297 988 a
309 929 370 987 vita
384 927 444 986 sint
457 924 563 985 alieni:
585 923 635 1003 qui
649 933 683 982 ut
696 922 775 1003 plebi
799 923 885 998 forte,
905 923 948 984 its
960 921 1057 984 doctis
1071 923 1236 1004 placerene
1250 923 1330 1003 napi·

238 1026 354 1086 entibus
368 1041 427 1084 non
449 1029 584 1102 possunt.
626 1019 801 1080 Constamis
823 1021 901 1081 enim
920 1019 974 1080 viri
999 1039 1035 1080 ao
1058 1020 1200 1100 sapientis
1213 1019 1330 1081 animus

238 1121 330 1182 laxari
353 1119 425 1192 vult,
449 1137 508 1177 non
533 1115 618 1176 solvi.
659 1115 744 1176 lllam
758 1124 856 1176 autem
868 1115 1120 1188 constitutionem,
1143 1119 1189 1176 sul
1211 1119 1273 1189 τὴν,
1296 1123 1331 1176 ut

239 1237 306 1279 cum
316 1216 423 1277 Stoicis
434 1214 482 1275 hic
494 1215 609 1292 loquar,
620 1215 652 1273 fv
662 1215 752 1294 ταύτᾷ
761 1221 811 1273 τοῦ
821 1215 901 1285 ddunt
910 1217 1010 1293 μονὴν,
1021 1211 1096 1273 risus
1107 1211 1203 1272 solvit.
1233 1211 1332 1282 Quem
1403 1249 1407 1256 ·

237 1314 387 1394 praeclare,
409 1321 455 1381 riis
468 1314 647 1390 sreprxupslos
660 1309 846 1390 ὓπερένχυοιν
859 1322 906 1380 rilt
918 1309 1047 1390 ψυχικῆς,
1072 1307 1187 1387 antiqui
1210 1317 1331 1370 vocant.

240 1409 371 1488 Ideoque
384 1417 415 1468 et
428 1406 580 1479 Socratici,
595 1424 720 1484 quorum
733 1405 798 1466 libri
811 1405 984 1486 penuarium
996 1405 1129 1486 leporum
1141 1404 1271 1465 omnium
1285 1405 1334 1466 fu·

239 1516 325 1567 eruut
338 1525 372 1565 ac
387 1503 567 1575 facetiarum,
581 1502 662 1582 quod
676 1521 693 1563 s
708 1502 905 1584 Xenophonte
916 1511 946 1563 et
958 1501 1082 1563 Platone
1091 1503 1180 1564 etism
1190 1502 1248 1563 hoc
1257 1511 1333 1563 tem·

240 1619 311 1682 pore
325 1611 455 1681 apparel,
469 1601 711 1681 χοριενοίᾶοοθοι,
725 1619 785 1660 nott
799 1607 1010 1676 γελωτοποιεῖν,
1025 1599 1133 1660 solent.
1165 1599 1210 1658 Ac
1224 1617 1263 1660 tte
1276 1597 1334 1679 ipsi

240 1700 359 1781 quidem
375 1697 475 1770 Siculi,
486 1695 525 1756 ad
539 1697 726 1758 festivitatem
738 1697 811 1769 nati,
822 1697 912 1777 etqui
926 1697 1012 1777 primi
1026 1695 1156 1757 omnium
1170 1691 1333 1756 Comoediae

240 1807 382 1876 putantur
394 1797 572 1866 inventores,
587 1792 675 1854 alium
689 1791 768 1853 illius
782 1793 889 1865 linem,
903 1811 992 1872 quarn
1006 1793 1037 1852 τὸ
1055 1795 1208 1874 χρήσιμον,
1230 1789 1334 1866 idest,

241 1892 398 1952 utilitatem
412 1897 583 1969 posuerunt.
626 1889 674 1948 Da
688 1887 862 1968 Epicharmo
875 1887 1068 1950 Theocritus:

360 2015 465 2078 Πολλὰ
479 2019 534 2094 γὰρ
547 2020 651 2078 ποττὰν
665 2019 744 2081 dude
757 2025 813 2078 rein
825 2020 925 2078 παισὶν
938 2015 1000 2078 clare
1013 2019 1151 2100 χοῆσιμα·

480 2113 609 2190 Μεγάλη
622 2115 702 2194 χάριν
714 2115 798 2197 αὐτῷ.

244 2243 280 2304 Id
294 2244 364 2322 quia
377 2261 464 2304 secus
477 2245 507 2303 in
521 2243 675 2304 Comoedia
688 2243 830 2324 Antiqua,
845 2243 944 2305 statim
958 2242 1087 2311 dafenus
1107 2243 1139 2302 in
1152 2261 1212 2322 qua
1224 2244 1336 2318 omnis,

244 2339 397 2400 averitate
411 2348 442 2399 et
454 2339 669 2401 consuetudine
683 2340 790 2414 aliena,
803 2341 860 2403 boc
873 2349 929 2414 est,
942 2359 1011 2402 nere
1024 2344 1137 2416 γελοῖα,
1151 2339 1232 2400 etad
1244 2340 1337 2401 risum

157 2490 158 2494 ,
243 2445 331 2496 erant
343 2445 523 2514 comparata.
558 2436 631 2504 Quis
646 2455 706 2496 non
720 2435 807 2510 ridet,
821 2455 888 2497 cum
902 2435 1068 2516 exemplum
1081 2436 1161 2510 vitm,
1177 2445 1261 2517 pater
1274 2455 1340 2496 om-

245 2532 325 2590 nium
339 2531 489 2605 virtutum,
514 2533 580 2612 ipsa
593 2533 773 2609 innocentia,
788 2533 929 2614 probitas,
943 2551 979 2594 ac
991 2533 1094 2604 virtus,
1108 2533 1246 2594 Socrates
1259 2531 1339 2592 ride-

244 2627 310 2688 turi
331 2648 398 2688 curn
419 2629 449 2687 in
469 2630 556 2690 corbe
570 2629 759 2690 festivissime
783 2625 1030 2709 philosophatur?
1049 2644 1126 2700 cum,
1151 2639 1224 2710 quot
1245 2627 1340 2706 pedes

244 2725 334 2804 pulex
348 2723 446 2798 saliat,
460 2723 606 2786 subtiliter
619 2743 654 2785 ae
668 2724 845 2804 geometrice
858 2723 996 2786 metiturl
1010 2723 1155 2802 Pleraque
1169 2724 1247 2784 enim
1261 2723 1341 2784 falsa

246 2819 284 2881 de
299 2819 450 2882 sententiis
465 2819 711 2902 opinionibusque
724 2831 855 2882 veterum
869 2819 1128 2900 Philosophorum,
1153 2828 1183 2880 et
1197 2819 1235 2879 ad
1249 2821 1341 2880 risum

245 2916 325 2976 facta
347 2925 399 2976 aut
422 2916 591 2996 excogitato
615 2927 695 2990 sunt,
716 2937 784 2997 qum
809 2916 957 2996 praecipue
980 2916 1060 2977 hunc
1081 2916 1207 2978 excitare
1231 2915 1340 2977 solent.

246 3010 318 3072 ldeo
332 3029 387 3074 uec
400 3031 502 3072 omnes
517 3011 626 3084 Plauti,
650 3023 762 3072 tantam
785 3013 936 3074 materiem
960 3011 1087 3086 ridendi,
1111 3023 1251 3092 quantam
1266 3031 1342 3073 una·

246 3109 358 3186 quaevis
371 3127 408 3166 ex
422 3107 667 3187 Aristophanicis,
687 3109 866 3190 suppeditat.
907 3109 1000 3171 Alteri
1024 3109 1102 3170 euim
1126 3109 1234 3182 omnia,
1256 3107 1343 3168 alteri

245 3219 343 3282 pauca
356 3221 408 3281 per
418 3202 501 3283 leges
514 3203 653 3266 licebant.
688 3206 837 3280 Getarum,
851 3216 886 3266 ut
899 3205 987 3266 modo
1002 3205 1183 3278 dicebamus,
1198 3203 1342 3285 quiequid

247 3297 373 3356 maxime
388 3297 425 3356 ab
439 3298 548 3377 agendi
563 3299 778 3361 consuetudine
801 3313 853 3362 aut
877 3293 997 3362 dicendi
1020 3301 1145 3362 alienum
1168 3312 1224 3374 est,
1249 3301 1342 3361 risum

247 3393 372 3454 mamma
385 3412 501 3455 movere
515 3395 600 3456 solet.
643 3397 677 3456 ln
692 3395 855 3472 sententiis,
869 3397 964 3477 qualis
978 3398 1029 3458 illa
1042 3399 1155 3458 Comici
1165 3397 1300 3472 Nebulis,

327 3523 388 3582 Καί
401 3547 442 3583 rot
454 3525 587 3604 πρότερον
601 3527 650 3588 τὸν
663 3527 705 3588 Δι’
719 3531 827 3602 ἀληθῶν
839 3527 918 3610 ᾤμην
932 3525 979 3589 διὰ
993 3533 1120 3588 κοσκίνου
1133 3531 1236 3608 οὐρεῖν.

250 3645 285 3710 ln
306 3639 413 3726 verbis,
436 3669 471 3715 ut
495 3675 563 3716 cum
577 3656 778 3719 furacissimus
793 3679 895 3720 servus
915 3659 1115 3720 κλεπτίστατον
1128 3679 1146 3720 a
1158 3657 1278 3720 domino
1293 3675 1343 3717 ro·

249 3760 343 3823 catur,
364 3751 415 3830 qui
429 3750 550 3813 laudare
564 3755 793 3817 taciturnitatem
807 3757 837 3817 in
852 3757 955 3818 eodem
967 3755 1101 3816 videtur:

408 3879 492 3940 ’All‘
506 3881 538 3940 nii
554 3907 586 3942 ne
600 3885 702 3962 κρύψω·
718 3899 772 3948 οὖν
786 3890 861 3965 lpide
875 3890 931 3966 γὰρ
944 3890 1057 3947 atteror

410 3975 587 4040 llrordrnrnr
600 3984 725 4066 »ipsiipsi
737 4005 769 4042 ns
783 3986 828 4041 nni
841 3987 1052 4044 κλεπτίστατον.

252 4099 339 4167 Quod
354 4102 449 4181 ipsum
465 4103 616 4183 aliquanto
631 4106 804 4186 castigatius
820 4109 899 4170 Nero
920 4107 1034 4184 extulit,
1058 4110 1108 4191 qui
1130 4108 1169 4169 de
1183 4107 1236 4170 tali
1250 4129 1345 4184 servo,

251 4202 260 4234 ⁶
276 4193 357 4256 Nulli
371 4197 450 4280 apud
466 4218 497 4260 se
512 4201 578 4280 plus
592 4201 660 4264 fidei
680 4205 811 4279 habere,'
832 4205 968 4268 dicebat:
991 4215 1000 4242 ¹
1016 4205 1088 4267 nihil
1114 4203 1191 4266 enirn
1205 4205 1232 4266 ei
1247 4225 1346 4290 neque
