2948 4890
388 441 437 493 na
460 441 610 493 corticis
635 437 944 495 ntuuusroursus.
1147 433 1212 501 141

113 583 236 646 modum
250 583 422 646 Priscianus
436 605 564 666 quoque,
577 587 625 646 cui
640 587 678 646 de
692 599 845 668 anapesto
857 590 1003 649 sententia
1016 589 1126 652 excidit
1139 595 1211 656 satis

114 679 256 752 absurda,
270 699 338 740 cum
353 680 445 740 dixit:
463 681 526 740 Erit
540 693 637 742 eutem
652 683 810 762 probabilis
825 684 968 745 iambicus
981 705 1095 761 versus,
1109 699 1140 749 et
1152 701 1211 751 tra·

115 776 222 856 gaudiis
244 785 346 856 aptus,
368 777 393 836 si
417 777 579 838 secuudum
602 789 633 838 et
654 791 791 859 quartum
812 780 917 862 pedem
935 801 994 842 non
1008 782 1082 844 alios
1096 785 1212 860 feceris,

114 893 204 953 quam
218 874 344 946 iambos,
353 884 407 934 aut
417 893 494 947 eum,
502 876 553 954 qui
565 876 729 957 tribrachys
740 885 796 948 est,
808 887 860 938 aut
871 889 1058 956 anapestus:
1072 882 1212 960 quoniam

115 981 187 1030 suut
199 989 298 1050 peres.
333 969 402 1038 Qua
415 971 494 1031 euim
507 969 633 1031 audacia
646 971 738 1032 l'retus
753 983 937 1052 anapaestum
951 974 1098 1037 tribracho
1112 996 1212 1058 parem

115 1065 216 1126 dixit?
245 1065 322 1126 Nem
336 1065 418 1146 quod
432 1067 474 1126 ait
496 1067 616 1148 paribus
639 1067 760 1129 sedibus
783 1083 967 1149 anapaestum
991 1072 1091 1151 recipi,
1111 1093 1212 1136 verum

114 1173 172 1222 est.
212 1163 264 1222 Sic
278 1164 356 1222 enim
380 1165 513 1223 estatio
537 1163 626 1225 Pluto
640 1163 864 1244 Aristophanis:
885 1165 933 1226 'lle
945 1169 1092 1242 ἀργαλέον
1104 1173 1214 1251 πρᾶγμ’

115 1260 203 1330 derb,
225 1255 248 1319 ὖ
268 1258 329 1319 Ζεῦ
351 1263 397 1319 ral
414 1257 493 1320 Θεοί.
524 1260 562 1318 Et
575 1261 620 1320 bis
637 1261 667 1320 in
681 1260 786 1321 eodem
800 1280 907 1322 versu:
929 1260 969 1321 02
984 1261 1212 1340 δ’·ἕεετρὶποντο,

116 1357 140 1412 r'
152 1359 202 1414 ebs
215 1353 332 1416 ἐδόκουν
345 1360 376 1435 μ’
388 1358 457 1434 ὁρᾷν
471 1359 523 1416 tu.
566 1355 675 1416 Verum
698 1356 755 1418 boc
776 1367 823 1418 est
843 1357 885 1416 illi
910 1356 986 1417 adeo
1007 1359 1158 1438 frequens,
1179 1373 1213 1424 nt

116 1449 216 1511 nullus
229 1453 328 1532 pudor
341 1453 452 1512 Latinis
466 1452 507 1512 sit
514 1453 576 1533 jam
587 1453 714 1525 tuturus,
725 1455 832 1534 quibus
847 1455 956 1534 lingum
970 1455 1043 1515 ratio
1055 1459 1212 1536 persuasit,

116 1567 153 1607 ue
166 1547 225 1608 boc
239 1549 383 1608 attentius
397 1559 552 1610 curarent:
573 1549 736 1628 praesertim
749 1569 816 1610 oum
836 1549 994 1629 Tragoedis
1013 1571 1131 1632 quoque
1155 1555 1213 1616 hoc

116 1643 280 1715 admiserit,
301 1644 419 1722 gravium
441 1663 513 1704 sene
535 1663 570 1704 uc
594 1644 682 1724 louge
706 1645 818 1705 castius
844 1647 960 1724 po'e'ma.
1002 1647 1214 1712 observantior

116 1741 304 1820 Sophocles:
327 1739 482 1820 Euripides
495 1739 594 1799 minus
607 1740 771 1800 obnoxius:
793 1759 861 1800 narn
885 1740 981 1800 miuus
1005 1745 1136 1822 pepercit
1156 1745 1213 1808 illis

116 1836 238 1897 sedibus
251 1857 260 1897 t
282 1835 418 1896 Γλῦπαν
432 1834 458 1895 δ’
472 1839 680 1912 ἐπιορκήσασαν
693 1835 752 1913 lttp
765 1847 812 1907 rtis
825 1829 931 1918 ppevdr.
972 1837 1011 1896 Et
1024 1838 1054 1897 ln
1070 1839 1211 1902 Hecuba:

116 1933 171 1993 Kci
186 1939 303 2012 opirpov
316 1936 422 2014 ἔχοιμι,
435 1930 518 1991 τάπ’
531 1933 569 1990 dr
583 1931 737 2007 &pretinm
750 1934 822 2011 ἔχοι.
865 1931 969 2012 Neque
983 1933 1079 1994 tolum
1092 1953 1212 2017 scapum

116 2041 193 2088 stum
208 2031 331 2108 paribus
346 2027 466 2088 sedibus
480 2027 580 2106 posuit
592 2027 660 2097 dlis,
675 2027 728 2087 sed
744 2028 832 2088 etiam
842 2028 871 2087 iu
884 2027 997 2102 ultima,
1008 2039 1042 2090 ut
1052 2030 1081 2088 in
1091 2029 1212 2093 Oreste:

117 2127 293 2206 Airoupydr,
315 2127 395 2200 οἵπερ
419 2127 465 2184 sul
485 2125 567 2201 μόνοι
591 2125 713 2187 naemu
736 2128 832 2185 πόλιν.
873 2123 968 2193 Quem
995 2127 1019 2184 si
1043 2127 1212 2210 tnbrachyn

116 2241 216 2295 voces,
231 2221 378 2302 syllabam
391 2239 471 2280 nnnc
485 2219 637 2300 respicias,
651 2239 710 2279 non
725 2221 821 2300 legem
832 2219 921 2291 illam,
932 2239 992 2300 qua
1005 2222 1109 2282 ultima
1123 2223 1213 2286 bube-

115 2327 163 2377 tur
176 2315 361 2378 indifferens.
402 2316 542 2376 Erasmus
556 2325 654 2376 autem
668 2327 747 2376 recta
770 2314 890 2376 sedibus
912 2318 1071 2396 imparibus
1085 2318 1214 2394 dicebat,

115 2433 168 2494 pro
182 2415 282 2474 iambo
296 2425 445 2492 receptum
456 2412 644 2492 spondeum,
653 2411 814 2492 duculum,
823 2413 1210 2494 tribracbyu,anaptustumt

115 2509 411 2590 proceleusmaticum
426 2518 523 2568 autern
539 2508 647 2580 omisit,
668 2509 808 2587 quonlam
828 2507 989 2570 excidisset
1005 2511 1161 2572 memoria:
1182 2523 1214 2574 et

116 2607 271 2676 creticum,
283 2623 372 2683 quem
386 2621 457 2664 sane
471 2615 588 2683 putaret
602 2621 662 2662 uon
676 2603 802 2664 admitti.
844 2603 933 2677 Num,
947 2606 972 2665 si
986 2605 1015 2666 iu
1030 2625 1096 2666 eam
1110 2608 1212 2668 sedem

116 2723 204 2783 posse
217 2700 311 2780 recipi
324 2707 482 2779 sperasset,
493 2717 553 2759 nou
565 2698 658 2759 multa
668 2697 800 2759 carmina
810 2701 1011 2762 subvertisset.
1040 2701 1213 2762 Proceleus·

117 2799 242 2858 maticus
257 2807 358 2856 antem
379 2795 510 2876 proxime
529 2794 569 2855 nd
583 2807 718 2854 naturam
732 2794 842 2874 dactyli
859 2796 985 2868 accedit,
999 2797 1138 2858 differens
1152 2799 1213 2880 syl·

115 2895 249 2954 labarum
264 2911 396 2964 numero,
416 2899 580 2971 temporum
600 2889 742 2950 tractibus
766 2909 829 2970 par.
869 2891 974 2952 Tribus
995 2902 1094 2954 autern
1116 2895 1213 2955 modis

116 2991 262 3070 excipitur
273 3007 328 3068 pes
342 2987 401 3050 ille.
442 2989 504 3048 Aut
516 2990 592 3048 enim
607 2987 705 3047 mollis
719 2997 775 3060 est,
790 2997 879 3066 atque
893 2987 1081 3048 adminiculis
1091 2991 1213 3068 quibus·

115 3086 185 3146 dem
200 3085 325 3146 simibus
337 3085 433 3145 lactrrs
447 3083 587 3164 dactylo:
608 3094 651 3156 ut,
674 3083 802 3144 ‘Genua
815 3083 917 3144 labant
926 3083 945 3144 :’
966 3082 1085 3144 ‘Ariete
1094 3087 1113 3144 ξ’
1134 3083 1214 3147 'Pa-

115 3180 261 3242 rietibus.’
301 3181 426 3241 Duabus
451 3181 529 3241 euiru
544 3181 699 3242 vocalibus
721 3181 900 3254 constitutis,
922 3182 1001 3260 prior
1021 3183 1213 3244 consonantis

115 3278 172 3338 rim
188 3277 341 3356 quandam
356 3277 470 3338 videtur
483 3278 624 3338 obtinere.
666 3279 728 3338 Aut
739 3289 786 3338 est
799 3278 934 3358 apertior,
955 3289 990 3337 ut
1006 3279 1036 3337 iu
1051 3296 1137 3338 versu
1152 3279 1213 3338 En·

115 3374 226 3434 niano:
249 3373 425 3452 ‘Capitibus
439 3373 572 3434 nutantis
586 3375 685 3454 pinus,
705 3385 862 3452 rectosque
876 3373 1053 3452 cupressos!
1091 3375 1154 3434 Aut
1166 3387 1215 3436 est

115 3481 251 3542 coactus,
273 3470 398 3532 ademtis
421 3469 653 3530 consonantibus
667 3469 773 3550 quibus
788 3469 965 3550 syllabarum
978 3469 1106 3530 brevitas
1121 3469 1214 3549 impc-

116 3567 218 3626 ditur:
239 3565 407 3644 cujusmodi
431 3575 479 3625 est
501 3565 532 3624 in
552 3563 685 3624 Andria:
708 3565 800 3624 ‘Siue
814 3565 924 3626 invidia
937 3565 1054 3625 laudem
1069 3567 1213 3636 invenias,

114 3676 144 3726 et
158 3667 276 3727 amicos
296 3663 405 3744 pares!
446 3665 550 3744 ltaque
572 3663 611 3724 ad
633 3683 701 3724 eum
723 3682 838 3724 versum
855 3683 926 3723 *oum
943 3661 1111 3724 devenisset
1125 3664 1215 3724 Eras-

114 3783 193 3835 mus,
218 3781 317 3841 neque
340 3778 503 3840 agnoscere
529 3759 620 3820 vellet
645 3759 950 3838 proceleusmaticum,
976 3775 1064 3836 quem
1092 3758 1123 3815 lu
1152 3761 1213 3817 suis

113 3856 232 3937 legibus
260 3875 321 3916 nou
345 3855 558 3927 constituisset,
585 3863 616 3914 et
641 3863 760 3935 putaret
782 3853 951 3912 duriuscule
974 3853 1046 3924 tlari,
1072 3852 1097 3911 si
1121 3851 1213 3914 AEoli·

113 3971 181 4013 cum
217 3951 369 4030 digamma
402 3950 573 4022 auferretur,
616 3959 650 4008 ut
682 3949 775 4008 exiret
807 3945 1109 4028 proceleusmaticus:
1147 3969 1213 4010 sus-

112 4049 180 4110 tulit
216 4059 329 4120 umen,
369 4058 403 4106 ut
436 4047 615 4126 exciperetur
649 4045 813 4124 tribrachys
852 4045 882 4103 iu
916 4042 1034 4104 duabus
1068 4046 1211 4126 prioribus

112 4147 239 4222 syllnbis
278 4145 366 4224 bajus
400 4144 537 4218 nominis,
571 4141 741 4215 ‘inuidia’
774 4151 806 4201 et
838 4159 875 4200 ex
909 4139 1023 4202 duabus
1055 4144 1212 4222 postremis

112 4243 269 4304 vocalibus
283 4240 473 4320 consyllaba
488 4251 628 4304 concreta
641 4250 731 4301 esset.
773 4239 892 4309 Verum,
907 4245 940 4296 ut
953 4237 983 4296 iu
999 4249 1113 4313 natura,
1128 4240 1169 4299 itu
1181 4239 1211 4296 iu
