2958 4892
269 371 334 436 210
634 379 866 434 rurrcrsons
889 379 993 432 usas

270 543 330 602 tus,
344 539 391 591 est
404 529 511 591 Plauto
523 529 673 609 moneas,
682 525 825 608 sedspnd
837 525 1006 586 Parentium
1015 539 1172 604 nemnem.
1197 521 1265 586 Nec
1276 525 1362 586 orsit-

269 625 392 686 tendum
407 637 454 686 est
466 625 545 706 npnd
558 623 726 684 Terentium
740 621 834 682 Andr.
850 641 897 682 ιν.
915 625 944 681 1.
955 623 1003 682 lt.
1014 641 1108 681 unum
1119 635 1185 682 esse
1197 619 1363 701 exemplum

270 721 411 782 trochaici
433 718 592 782 tetrametri
611 717 870 800 brachycatalecti,
883 717 931 778 cui
946 715 1060 779 scilicet
1073 717 1186 798 integer
1204 733 1259 798 pes
1274 715 1362 776 deest

271 815 311 878 ad
325 826 524 878 tetrametrum
535 815 753 897 complendum.

370 942 431 995 Non
444 949 621 993 remotorz:
638 941 691 991 illie
703 939 746 990 nbi
757 937 907 1004 nlhlltopnr
918 941 981 1002 est·,
997 937 1032 989 lbi
1043 943 1207 990 sezrsntnr.

270 1049 327 1112 His
342 1049 379 1112 de
394 1051 543 1114 trochaico
557 1069 665 1132 genere
679 1050 776 1126 dictis,
797 1051 827 1110 in
848 1069 907 1130 quo
925 1050 1018 1110 lector
1032 1049 1143 1112 nullam
1158 1049 1364 1112 dfficuluum

271 1149 380 1210 sentiet
392 1149 442 1228 qui
454 1149 520 1208 heac
532 1146 668 1227 exempla
681 1148 772 1228 probe
793 1155 886 1220 tenet,
906 1146 963 1207 nisi
986 1165 1055 1224 quea
1068 1164 1107 1208 cx
1120 1145 1248 1206 licentiis
1263 1146 1364 1217 oritrrr,

271 1243 415 1325 siquidem
439 1243 558 1303 metrice
579 1243 676 1322 legere
697 1241 834 1320 expedite
855 1251 954 1321 queat,
975 1239 1092 1301 omissis
1115 1239 1206 1302 literis
1228 1259 1300 1321 quse
1314 1259 1364 1320 per

272 1339 475 1422 synaloepham
488 1338 654 1408 eliduntur:
677 1349 795 1398 uenseo
808 1337 847 1397 ad
866 1337 1022 1397 iambicum
1037 1355 1143 1415 genu,
1163 1353 1223 1415 quo
1237 1336 1364 1397 maxime

270 1435 383 1496 Comici
396 1445 509 1496 veteres
522 1443 655 1506 utuntur,
669 1443 703 1494 nt
714 1433 841 1494 sermoni
855 1442 887 1492 et
900 1432 987 1492 rebus
1001 1430 1123 1510 egenffis
1137 1431 1269 1490 omnium
1282 1449 1365 1492 eom-

270 1531 451 1590 modissimo.
493 1531 540 1591 De
554 1530 610 1590 hoc
626 1539 724 1590 autem
739 1549 845 1608 genere
858 1526 1013 1588 sciendum
1026 1537 1083 1600 est,
1103 1525 1184 1606 qnod
1198 1525 1230 1585 in
1242 1525 1363 1608 pambus

270 1625 344 1686 locis
358 1625 463 1704 pedem
477 1625 559 1685 illum
573 1625 712 1706 postulet,
735 1622 814 1683 unde
838 1622 894 1702 ipsi
916 1641 1022 1682 nomen
1038 1631 1095 1682 est.
1135 1622 1234 1700 Atque
1255 1619 1314 1680 hoc
1327 1640 1364 1680 ex

269 1720 336 1798 ipsa
348 1740 450 1781 versus
464 1721 579 1780 iambici
593 1731 698 1780 natura
711 1717 838 1798 profluit,
859 1737 926 1777 cum
941 1737 960 1776 a
972 1717 1122 1778 trochaico
1136 1715 1294 1788 derivetur,
1312 1715 1364 1795 qni

270 1814 413 1876 iambicus
434 1815 477 1887 lit,
498 1813 523 1873 si
541 1815 682 1893 principio
697 1812 840 1894 syllabam
855 1811 899 1872 rel
915 1811 1094 1891 semipedem
1108 1829 1260 1892 apponas:
1281 1809 1364 1890 quod

269 1911 430 1990 cogitatum
443 1910 500 1969 etsi
513 1909 660 1968 neminem
673 1910 774 1987 fugere
796 1907 950 1987 potuisset,
971 1908 997 1966 si
1019 1906 1057 1967 de
1081 1907 1230 1967 trochaico
1256 1925 1362 1985 genere

269 2005 311 2064 rei
326 2005 453 2065 metricae
467 2003 623 2084 scriptores
636 2005 760 2084 primurn
779 2021 866 2082 egere
888 2002 1057 2082 coepissent,
1078 2003 1178 2061 nescio
1200 2013 1300 2060 tamen
1324 2020 1363 2060 an

269 2100 406 2178 cuiquam
421 2099 450 2158 in
475 2107 603 2159 mentem
619 2099 729 2158 venerit
742 2105 811 2156 ante
826 2096 950 2157 doctiss.
966 2096 1131 2157 Bentleium
1146 2107 1291 2157 nostrum.
1333 2097 1362 2156 ls

269 2191 473 2272 certeprimus
487 2191 518 2252 id
536 2211 583 2252 me
607 2191 785 2252 :ammonuit
806 2201 874 2250 ante
897 2209 990 2250 annos
1004 2193 1180 2270 complures,
1194 2209 1272 2263 cum,
1287 2192 1361 2254 inter

267 2289 348 2349 vario
362 2307 494 2348 sermone
509 2285 769 2360 confabulandum,
785 2286 823 2346 de
837 2283 965 2346 Terentii
978 2287 1110 2348 versibus
1125 2287 1199 2347 sorte
1214 2287 1305 2346 rerba
1319 2289 1364 2346 ia-

269 2393 358 2454 ceret,
379 2402 475 2462 panca
499 2382 628 2464 quidem,
649 2380 701 2442 sed
723 2402 791 2461 quea
811 2381 922 2442 homini
945 2402 1003 2444 non
1027 2401 1148 2464 prorsus
1162 2385 1276 2464 ἀμούσῳ
1290 2383 1363 2443 satis

270 2487 378 2537 essent.
422 2479 487 2538 Hoc
502 2489 600 2538 autem
613 2487 700 2556 pacto
713 2477 831 2557 syllaba
843 2477 952 2550 brevis,
971 2497 1039 2556 queo
1061 2479 1091 2538 in
1112 2476 1262 2538 trochaico
1276 2497 1363 2538 versu
1476 2499 1477 2506 ¹

270 2571 401 2631 secunda
415 2571 479 2644 luit,
500 2573 530 2632 in
554 2573 679 2632 iambico
693 2573 807 2632 tertiam
820 2573 924 2634 sedem
938 2573 1112 2653 occupabit:
1133 2573 1154 2632 i.
1170 2591 1198 2634 e.
1211 2573 1363 2635 secsodus

270 2686 323 2746 pes
338 2667 393 2728 erit
404 2668 528 2740 iambus,
550 2681 638 2748 atque
651 2669 692 2728 ita
710 2687 795 2748 porro
819 2669 849 2730 in
871 2671 977 2732 ceteris
992 2669 1111 2750 paribus
1125 2669 1208 2730 locis.
1251 2669 1313 2729 Sed
1327 2689 1364 2730 es

270 2775 382 2823 veteres
396 2761 508 2824 Comici
524 2765 570 2822 usi
583 2775 654 2823 sunt
674 2763 803 2836 licentia,
823 2775 857 2823 nt
877 2765 907 2824 in
922 2765 1006 2824 omni
1019 2763 1092 2826 sede
1106 2773 1213 2844 preter
1227 2763 1361 2824 nltimam

269 2857 443 2938 spondeum
457 2861 504 2918 sel
519 2858 660 2936 spondeo
674 2878 773 2938 parem
788 2858 958 2938 reciperent,
981 2859 1058 2918 unde
1081 2861 1212 2938 exsurgit
1235 2879 1294 2918 non
1308 2861 1363 2918 mi-

270 2973 324 3014 nor
339 2965 495 3016 metrorum
518 2955 548 3014 in
570 2953 627 3015 hoc
640 2973 747 3032 genere
760 2954 923 3032 congeries,
944 2973 1032 3032 quam
1046 2973 1113 3034 quae
1128 2973 1222 3033 genus
1235 2955 1363 3016 trochai-

268 3069 335 3112 cum
359 3050 541 3128 ingreditur:
571 3048 625 3108 sed
649 3051 686 3107 ab
712 3049 767 3108 hae
794 3069 870 3110 nora
894 3049 1004 3129 pedum
1028 3051 1259 3130 competitorum
1283 3050 1362 3110 mole

267 3147 359 3204 lector
383 3145 563 3216 liberabitur,
584 3162 650 3204 cum
675 3147 842 3224 perspiciet,
870 3145 1019 3224 quomodo
1044 3166 1145 3206 versus
1172 3146 1316 3206 iambicus
1345 3165 1363 3204 a

267 3225 416 3297 trochaico
438 3238 610 3298 deducatur.
651 3238 804 3302 Troehaici
827 3243 984 3304 tetrametri
1007 3243 1173 3302 catalectici
1196 3240 1362 3322 exemplum

267 3334 323 3392 hoc
337 3344 400 3392 erat
413 3353 420 3390 :

396 3442 839 3500 Phormi·onsm:l’lsormi·oneml
850 3447 1203 3502 Phoar-umerorum.

265 3557 391 3638 Appone
405 3557 550 3638 syllabam
564 3559 717 3640 principio,
732 3571 762 3622 et
781 3581 818 3621 er
831 3562 888 3623 hoc
902 3581 987 3623 versu
1001 3563 1053 3623 us:
1066 3561 1207 3622 lemtim:
1222 3567 1362 3620 reusne-

265 3665 310 3714 ter
324 3655 505 3716 acatalecto:
517 3673 525 3714 :

394 3781 464 3832 Proh
476 3781 663 3844 Phormionem,
680 3781 871 3844 Phormionem,
886 3783 1076 3848 Phormionem,
1092 3783 1228 3834 Phormio:

265 3895 345 3972 quod
360 3895 389 3952 in
404 3908 497 3957 metra
511 3897 636 3957 iambica
649 3895 819 3956 distinctum
833 3897 911 3958 hanc
925 3897 1048 3958 sormam
1060 3895 1182 3956 induet:

328 4019 397 4070 Proh
408 4021 627 4072 Plror·mio:nem
639 4023 861 4074 Phor-mioznem
873 4022 1096 4074 Phor-mioznem
1111 4021 1263 4073 Phor-mio:

264 4151 324 4210 quo
348 4133 420 4192 nibil
442 4134 642 4200 invenustius:
673 4135 718 4193 sin
739 4136 895 4215 syllabam,
917 4155 1006 4216 quam
1029 4133 1172 4218 principio
1186 4133 1363 4205 addideras,

265 4225 378 4312 virgula
393 4230 526 4306 apposita
549 4231 771 4314 coequentibus
786 4233 954 4314 abscindas,
979 4242 1081 4318 metra,
1105 4251 1174 4312 quta
1189 4243 1365 4312 supersunt,
