2958 4892
410 407 458 457 nn
481 405 621 458 urrais
643 405 915 458 rnnasrssrus.
1141 395 1211 463 249

114 551 212 626 hodie,
227 551 331 630 lingua
339 547 514 628 jamdudum
528 561 672 622 emortus,
691 549 777 612 facile
794 549 983 611 conceditur:
1010 551 1066 610 nisi
1087 551 1208 633 culpam

115 651 180 730 quis
194 627 385 708 defendendo
398 645 500 706 iecerit
512 645 662 724 majorem.

156 747 305 816 Ceterum,
324 743 383 814 abi,
406 741 497 815 domi,
520 742 592 814 redi,
614 742 689 812 dari,
707 759 791 820 roga,
810 741 895 820 jube,
918 751 995 814 tace,
1017 743 1094 818 vide,
1116 755 1147 804 et
1167 747 1209 805 si·

115 841 218 920 quaid
232 858 327 919 genus
347 839 406 898 alia
428 857 496 918 quaa
518 836 651 897 ultimam
672 838 790 897 brevem
812 836 933 910 habent,
951 839 998 897 vix
1011 849 1058 898 est
1071 851 1103 900 ut
1117 840 1212 902 licen·

116 949 158 997 ter
171 935 266 1008 dicas,
287 933 342 995 sed
362 934 493 1014 legitima
517 934 619 1015 corripi
633 953 642 1004 ;
664 953 731 994 cunr
745 943 860 994 veteres
873 933 949 1014 epici
963 934 1039 994 idern
1049 937 1101 1015 jus
1121 957 1209 998 usur·

116 1033 259 1112 paverint.

156 1127 294 1188 Similiter
308 1126 345 1187 de
360 1127 436 1187 crasi
446 1142 587 1194 censeare
602 1145 663 1204 qua
676 1125 744 1186 dum
757 1127 886 1200 vocales,
900 1145 1022 1206 quarum
1031 1129 1209 1202 umbrosis,

116 1223 143 1281 in
169 1241 259 1282 unam
281 1221 513 1282 contrahuntur:
534 1231 578 1294 ut,
603 1219 665 1294 diu,
689 1221 798 1294 Deum,
821 1221 962 1293 Deorum,
986 1241 1093 1294 meunt,
1112 1235 1209 1295 tuum,

118 1335 212 1390 suum,
229 1337 372 1391 meorum,
392 1321 449 1378 duc.
472 1317 537 1390 suit,
559 1317 669 1377 luisse:
690 1317 767 1392 hac,
788 1327 819 1377 et
839 1317 926 1397 siqua
946 1317 1125 1396 hujusmodi,
1140 1319 1208 1398 jure

119 1414 231 1492 quoties
246 1414 355 1474 vellem
379 1412 594 1474 contrahebant
615 1412 740 1481 cominir
766 1413 836 1492 quia
855 1413 932 1472 idem
956 1413 1047 1492 epicis
1063 1413 1115 1491 jus
1135 1425 1210 1476 erat.

121 1507 229 1568 Durius
244 1509 365 1589 quidem
378 1509 558 1570 nostratibus
574 1517 692 1580 sonant,
703 1507 803 1587 hujus,
816 1508 912 1587 cujus,
935 1507 1010 1586 ejus,
1030 1527 1118 1581 novo,
1142 1508 1211 1584 lesi,

120 1601 149 1660 in
163 1623 253 1664 unam
266 1605 408 1684 syllabam
420 1613 591 1665 contracta:
614 1623 713 1665 verum
734 1602 764 1662 id
786 1622 822 1663 eo
841 1603 949 1675 evenit,
960 1603 1040 1682 quod
1055 1623 1110 1664 nos
1123 1605 1213 1666 hodie

121 1697 195 1759 mele
208 1701 439 1779 pronuntiemus.
481 1701 592 1760 Notum
605 1699 685 1758 enim
698 1711 744 1759 est
757 1699 890 1772 eruditis,
910 1710 1109 1760 consonantes
1123 1701 1132 1758 i
1146 1711 1177 1760 ct
1191 1719 1211 1762 n

121 1793 197 1874 apud
213 1795 334 1856 Latinos
349 1795 453 1857 eodem
478 1795 571 1857 luisse
595 1813 670 1856 sono
690 1808 721 1855 et
734 1805 892 1874 potestate,
909 1813 970 1874 quo
994 1795 1082 1856 hodie
1096 1817 1115 1876 y
1129 1807 1160 1856 et
1172 1817 1210 1855 ιι.

122 1889 296 1952 Pronunties
309 1891 408 1972 igitur,
421 1911 526 1972 onyas,
547 1909 643 1964 nouo,
664 1891 741 1964 lessi,
763 1901 794 1954 et
814 1892 929 1953 mollior
949 1891 1000 1952 fiet
1022 1891 1124 1952 crasis.
1166 1893 1213 1952 lta

123 1985 237 2058 Noster,
252 1997 320 2059 twa,
334 2005 405 2058 swa,
419 1985 649 2067 grandyuscula,
671 1985 870 2068 stellyoninoa
895 1987 983 2068 plane
1007 1997 1041 2047 ut
1060 1987 1212 2067 Virgilian,

123 2080 236 2162 stellyo,
251 2084 367 2163 abyete‚
380 2087 437 2145 duc.
479 2082 591 2144 Eadem
605 2083 727 2156 ratione,
748 2103 827 2154 cum,
842 2083 917 2162 jam,
938 2082 1085 2155 efferrent,
1110 2094 1144 2142 ut
1157 2101 1213 2144 nos

123 2175 218 2250 hodie,
232 2197 321 2257 yams
342 2179 371 2238 in
386 2177 461 2238 duas
475 2177 604 2260 syllabas
618 2198 673 2260 pro
690 2179 786 2239 lubitu
799 2178 1010 2252 dissolvebant,
1024 2187 1121 2238 ‘nunc
1133 2179 1214 2238 isam.¹

125 2272 259 2332 Ceterum
274 2274 303 2334 in
317 2273 374 2334 hac
387 2273 527 2346 editione,
536 2276 586 2336 ubi
600 2275 659 2334 inm
679 2273 847 2354 disyllabon
858 2284 915 2348 est,
929 2285 1048 2335 notatur
1061 2273 1214 2343 dieresiss

125 2379 161 2438 et,
174 2367 270 2442 cuius,
284 2367 383 2442 huius,
397 2369 471 2444 eius,
486 2371 536 2430 ubi
550 2369 756 2450 monosyllaba
766 2380 847 2443 sunt,
861 2391 949 2451 super
962 2371 972 2430 i
983 2371 1095 2432 habent
1109 2389 1215 2432 accen·

125 2475 200 2533 tum;
214 2466 265 2525 ubi
278 2465 435 2546 disyllaba,
448 2485 537 2546 super
546 2487 567 2526 u
582 2479 613 2528 et
626 2485 662 2536 e:
677 2465 772 2546 cujus,
786 2467 885 2548 hujus,
899 2465 973 2547 ejus.

165 2559 220 2634 Eli,
233 2563 295 2634 reii,
310 2561 393 2644 speii,
413 2563 509 2643 priore
527 2581 579 2644 per
592 2561 706 2624 ectasin
720 2560 875 2642 producta,
888 2582 948 2624 non
963 2561 1097 2642 indigent
1109 2563 1214 2632 veniat

127 2671 191 2716 cum
205 2655 357 2718 Lucretius
371 2656 476 2736 aliique
487 2657 556 2718 olim
564 2655 639 2738 spici
653 2655 731 2718 idem
740 2657 872 2719 iecerint.
915 2659 949 2718 ln
961 2667 1063 2719 nostra
1075 2657 1215 2734 editione,

127 2767 189 2810 cum
200 2751 413 2832 producuntur,
426 2751 544 2832 duplice
559 2751 569 2811 i
583 2752 759 2814 scribuntur.
1040 2769 1042 2774 ·

166 2846 270 2927 Neque
285 2846 359 2908 illud
373 2849 448 2908 inter
466 2848 601 2909 licentias
615 2866 762 2921 numeres,
773 2865 841 2908 cum
856 2847 970 2908 Comici
985 2847 1097 2908 sflnale
1112 2847 1141 2910 in
1156 2849 1218 2929 syl·

128 2941 194 3004 laba
206 2945 297 3016 brevi,
311 2955 451 3024 sequente
460 2953 560 3006 tamen
574 2954 770 3019 consonante,
784 2963 996 3024 nonnunquam
1009 2943 1158 3022 abjiciunt,
1172 2955 1216 3018 ut,

128 3037 217 3112 tristi,
230 3037 398 3100 famelicu’r
417 3039 563 3119 siquidem
573 3037 652 3100 idem
667 3039 740 3102 iacit
751 3040 862 3120 passim
876 3039 1040 3100 Lucretius.
1078 3039 1217 3100 Ceterum

129 3133 205 3212 quod
218 3153 274 3196 nos
291 3133 413 3215 quidam
435 3135 555 3209 docent,
576 3145 608 3196 et
625 3136 656 3195 in
679 3134 795 3216 syllaba
807 3137 897 3216 longa
911 3135 968 3196 hoc
981 3135 1077 3196 solere
1091 3135 1163 3209 lieri,
1187 3145 1219 3198 et

130 3241 268 3308 affluente
287 3229 393 3301 vocali,
415 3240 446 3291 et
469 3241 562 3292 totam
585 3231 672 3291 etiam
697 3230 842 3311 syllabam
862 3249 929 3292 cum
949 3249 964 3289 s
988 3249 1069 3310 soepe
1082 3233 1219 3306 resecari,

127 3323 266 3386 induntur
279 3337 311 3386 et
331 3325 448 3386 fallunt.
490 3327 537 3400 ln,
558 3327 742 3396 consimilist,
761 3345 780 3388 a
799 3329 893 3407 priore
912 3327 994 3398 nihil,
1014 3327 1067 3387 sed
1092 3329 1141 3402 ab,
1162 3337 1218 3400 est,

129 3420 235 3482 vocalis
249 3431 419 3490 resecatur:
440 3431 474 3483 ut
486 3421 527 3496 in,
540 3421 678 3504 palamst,
697 3433 893 3486 necessumst.
935 3422 1118 3484 Multimodis
1139 3421 1219 3503 apud

130 3515 267 3578 Nostrum
281 3537 341 3577 non
356 3517 470 3578 divisim
483 3516 612 3592 effertur,
634 3519 728 3582 multi'
751 3519 866 3590 modin
893 3517 948 3580 scd
971 3539 1028 3580 vox
1044 3537 1105 3578 uua
1117 3529 1164 3580 est
1176 3527 1219 3592 ut,

130 3613 301 3675 omnimodis
313 3634 321 3678 t
342 3623 373 3676 et
386 3613 539 3680 Lucretius
551 3627 675 3696 utraque
690 3616 788 3676 utitur.

166 3709 245 3779 Quin
259 3719 300 3780 at,
315 3708 366 3768 ubi
379 3707 561 3790 synaloephm
575 3709 736 3784 viscessat,
747 3721 778 3771 et
790 3709 837 3771 rel
849 3707 959 3770 voculis
974 3707 1120 3788 quapiam
1130 3707 1177 3768 vel
1191 3727 1221 3769 m

130 3804 230 3865 finales
244 3824 304 3864 nou
318 3803 479 3880 eliduntur,
493 3806 586 3868 altera
597 3805 695 3868 vocali
708 3827 760 3867 aas
775 3805 956 3885 excipiente:
980 3821 1017 3862 ne
1031 3802 1088 3862 hoc
1102 3801 1222 3881 quidem

131 3899 157 3957 in
169 3899 296 3966 licentiis
307 3919 424 3982 ponaer
446 3901 569 3982 qualia
561 3913 618 3963 usta
632 3913 663 3964 et
674 3903 760 3986 plura
779 3900 856 3981 apud
871 3899 1035 3959 Nostrum.
1057 3896 1224 3980 omnesqui

27 4018 33 4058 ι
133 4007 237 4070 amant,
252 3995 300 4056 me
314 4005 345 4056 et
363 4007 463 4072 aetate,
475 4019 514 4060 nc
501 3997 579 4059 ‘ubi
593 3997 766 4082 acceperim,
786 3993 864 4078 quai
884 4002 948 4055 erat
960 4003 1087 4068 mortua,
1105 4011 1165 4054 una
1183 3993 1225 4056 ire

28 4064 35 4161 't
133 4093 194 4152 cum
208 4093 316 4166 amica,
329 4091 400 4154 dum
414 4093 444 4153 id
459 4094 581 4166 efficias,
603 4095 722 4174 quicum
744 4111 805 4152 uno
830 4088 891 4151 rem
910 4089 1064 4149 habebam.
1106 4089 1223 4170 Quippe

30 4168 41 4439 y
133 4189 251 4272 euspici,
265 4187 428 4263 Lucretius,
438 4188 591 4270 Virgilius,
605 4187 860 4254 Horatiuseodeus
874 4183 986 4250 modo
979 4205 1009 4246 ιιι
1023 4185 1224 4248 hexametris.

37 4460 57 4854 l
