2958 4892
464 427 512 475 nii
538 427 679 476 uitulus
702 427 864 480 corticis.

413 529 569 648 Apocopes
584 571 720 649 exempla
731 569 797 630 hoec
810 569 885 632 habe
898 589 906 631 ε

275 677 339 738 itan
478 691 531 741 tun
669 685 709 756 in,
724 702 788 763 pro,
802 683 866 744 iana
953 681 1047 744 star·³

277 774 356 833 satin
476 777 609 856 parumn’
668 779 764 838 haben
955 781 1066 860 potesa’

275 888 352 949 egon
474 891 569 932 sanun
669 873 757 933 viden
956 871 1086 934 animui'.

154 1013 292 1094 Denique
313 1015 344 1073 in
366 1013 466 1076 multis
488 1035 547 1077 non
570 1017 694 1080 modos
716 1016 804 1078 iinale
817 1037 871 1098 pro
884 1018 967 1078 libitu
981 1017 1131 1097 abjiciunt,
1151 1013 1205 1078 sed

115 1110 245 1170 vocalem
259 1110 348 1170 etiam
361 1131 429 1190 quae
448 1112 578 1190 proxime
591 1113 743 1194 praecedit.
786 1113 931 1192 &ampla
952 1123 1022 1173 sunt
1044 1113 1206 1186 innumera,

117 1204 266 1284 inquibus
281 1225 296 1266 a
311 1207 443 1286 abjicitur
462 1227 529 1268 curu
543 1207 632 1268 dictio
653 1208 764 1269 desinit
786 1208 816 1266 in
831 1227 887 1275 uss
920 1207 974 1268 sed
987 1207 1117 1268 rocaietn
1131 1225 1206 1286 quo·

117 1319 180 1377 que,
194 1303 244 1362 cui
258 1301 399 1381 adjuncta
413 1313 469 1376 est,
490 1304 616 1364 resecuit
640 1323 719 1384 saepe
734 1302 869 1376 Plautus,
891 1301 979 1382 idque
993 1321 1051 1362 non
1067 1303 1095 1360 in
1111 1302 1205 1362 nomi·

117 1395 196 1455 nibus
214 1404 340 1470 tantum,
353 1407 387 1456 ut
408 1398 449 1470 in,
468 1417 583 1470 seruus,
596 1397 650 1458 sed
665 1399 695 1456 in
709 1397 806 1458 verbis
827 1398 925 1470 etiam,
946 1408 980 1458 ut
1001 1399 1043 1470 in,
1058 1397 1205 1470 roiumua,

116 1490 278 1563 attulimus,
291 1496 347 1552 dcc.
379 1492 490 1552 Eadem
502 1511 619 1572 quoque
633 1493 761 1566 licentia,
775 1511 842 1554 cum
853 1511 909 1552 vox
930 1491 1039 1552 desinit
1051 1491 1080 1552 in
1095 1491 1131 1564 is,
1144 1509 1204 1552 non

115 1585 200 1646 modo
215 1587 385 1666 subjicitor,
395 1597 429 1646 ut
437 1589 478 1660 in,
491 1587 596 1667 magis,
606 1587 703 1660 nimis,
714 1587 824 1667 pergis,
835 1586 936 1660 tristis,
949 1585 1029 1668 quod
1041 1586 1204 1648 aTerentio

115 1679 234 1754 iactum,
248 1681 303 1742 aad
317 1682 343 1742 is
357 1683 456 1758 etiam,
470 1693 504 1744 ut
516 1683 559 1758 in,
573 1681 687 1755 similis,
699 1681 872 1756 consimilis,
883 1681 1049 1754 exorabilis,
1062 1683 1203 1760 corporis,

115 1775 245 1835 Veneris.
288 1775 437 1836 Interdum
453 1797 467 1837 s
483 1777 608 1857 abjecta,
627 1777 636 1836 i
656 1777 819 1856 corripitur,
835 1796 931 1856 neque
956 1796 971 1836 s
994 1774 1082 1836 modo
1103 1775 1158 1836 aed
1176 1777 1203 1838 is

114 1889 229 1952 quoque
249 1891 269 1932 a
289 1872 346 1934 flue
360 1871 532 1946 detrahitur,
548 1874 637 1934 etiarn
650 1893 717 1934 curn
738 1883 843 1934 natura
855 1873 947 1953 longa
960 1882 1007 1934 est
1016 1891 1025 1940 ς
1058 1873 1202 1952 exempla,

114 1967 187 2026 ubis
203 1967 339 2028 detracta
357 1969 541 2048 icorripitur,
565 1981 644 2042 aunt,
667 1969 769 2028 multis
789 1979 819 2028 et
839 1968 928 2042 miris,
953 1967 1109 2048 exquibus
1124 1967 1204 2030 iacta

113 2073 188 2136 sunt,
197 2063 379 2124 multimodis
388 2074 419 2126 ot
428 2063 606 2126 mirimodis:
619 2064 763 2145 posterior
771 2083 890 2144 quoquc
901 2064 944 2138 in,
953 2063 1050 2136 nohis,
1060 2072 1100 2136 et,
1108 2064 1203 2136 vobis,

113 2157 211 2219 Mem
226 2159 348 2220 licentia
370 2159 524 2238 aliquoties
548 2159 627 2240 apud
651 2159 790 2220 Plautum
810 2159 915 2238 corripi
936 2157 1061 2232 videtur,
1084 2167 1203 2220 etnon·

113 2273 262 2334 nunqnam
293 2264 387 2314 totum
411 2254 436 2314 is
462 2253 559 2334 abjici,
579 2253 636 2314 nisi
659 2273 713 2333 pro
736 2253 772 2314 iis
796 2252 955 2332 legendum
979 2253 1017 2312 sit
1036 2252 1082 2312 bis
1103 2252 1202 2324 etvis,

112 2369 233 2428 quorum
247 2349 328 2428 prius
342 2367 406 2427 pro,
421 2349 517 2421 nobis,
529 2349 668 2429 antiquos
683 2347 794 2410 dixisse
804 2347 956 2408 annotavit
966 2349 1093 2408 Festus:
1115 2345 1202 2426 hujus

112 2457 205 2506 autem
220 2445 349 2506 licentiae
364 2444 444 2506 clare
457 2445 592 2526 exempla
603 2455 683 2516 sunt,
697 2445 817 2524 paratis,
831 2443 970 2524 imperiis.

151 2541 204 2602 iiis
220 2541 317 2601 addas
328 2539 407 2620 quod
420 2561 453 2602 es
467 2541 613 2604 interdum
627 2541 761 2622 abjicitur
775 2541 816 2616 in,
830 2559 896 2608 ren
917 2549 957 2614 ct,
977 2558 1024 2600 rea
1045 2545 1101 2612 ast,
1115 2558 1151 2600 ex
1165 2555 1201 2598 ao

113 2639 219 2718 saepius
235 2638 270 2697 iit
283 2637 429 2718 monosyl.

147 2735 247 2814 Atque
269 2733 318 2794 hae
339 2733 399 2795 iere
414 2749 485 2794 sunt
505 2735 643 2807 rationes,
657 2734 765 2814 quibua
779 2743 892 2792 ueteres
915 2729 1028 2788 Comici
1041 2745 1124 2788 roras
1137 2745 1201 2786 rer·

110 2829 209 2890 borum
223 2830 404 2908 quantitates
419 2829 515 2892 soient
528 2831 709 2903 imminuere,
729 2825 913 2906 corripiendo
926 2842 1031 2902 nempe
1044 2831 1075 2882 et
1084 2831 1201 2882 contra-

111 2925 216 2986 hendo.
260 2924 300 2984 Et
322 2925 409 3005 hujus
433 2927 549 3006 genens
572 2936 618 2988 est
643 2925 827 2986 licentiarum
850 2937 918 3000 pars
942 2917 1032 2997 longe
1053 2915 1199 2976 maxima:

110 3039 206 3080 earum
221 3039 293 3080 vero
307 3039 405 3082 causoe
421 3041 458 3082 ex
477 3022 611 3102 populari
636 3019 777 3101 loquendi
790 3013 1005 3078 consuetudine
1028 3021 1059 3074 et
1070 3030 1200 3092 pronun·

111 3116 236 3178 tiationis
251 3125 357 3176 natura
368 3117 505 3197 petendas
519 3129 599 3180 sunt.
634 3117 695 3180 Sed
709 3127 740 3178 et
753 3115 819 3176 aliae
830 3109 981 3175 nonnulla
996 3118 1066 3170 sunt
1079 3107 1199 3168 alterius

109 3299 245 3363 pyrrhichii
265 3301 323 3350 loco
345 3305 416 3364 aunt,
432 3299 502 3367 qnasi
521 3297 632 3349 doornm
671 3295 794 3362 Virginea
813 3309 871 3346 nam
888 3293 938 3344 sibi
950 3292 1057 3358 quiaque
1068 3291 1137 3342 domi
1149 3291 1199 3342 ito·

110 3379 471 3440 tantomesscnttemporom.
671 3385 759 3424 manus
777 3371 857 3422 hahet
877 3385 927 3420 aas.
961 3367 1012 3419 Sed
1035 3367 1096 3418 satia
1116 3367 1199 3416 muita

138 3453 156 3498 ⁹
172 3449 275 3514 Rikina]
291 3449 324 3500 In
341 3450 446 3500 vocibus
458 3449 532 3514 hujus
543 3447 632 3500 fornae
671 3449 739 3514 apud
751 3447 863 3499 Ennium
873 3444 993 3509 exe-pia
1012 3451 1081 3506 sont,
1100 3441 1127 3490 in
1143 3441 1198 3505 qni·

108 3525 264 3588 odoricum
274 3526 358 3576 alten
369 3525 395 3574 in
407 3539 483 3574 noem
500 3523 632 3584 vulcatii.
671 3527 718 3578 har
734 3539 823 3576 serant
833 3525 983 3574 hexameter
992 3520 1084 3584 incipit
1094 3518 1128 3568 ab
1138 3529 1199 3566 ans·

107 3609 134 3650 et
150 3611 202 3652 tum
222 3603 232 3652 i
250 3601 350 3666 duplex
372 3615 430 3651 com
447 3600 532 3650 soced
549 3599 633 3664 prima
674 3609 766 3667 passio.

107 3677 289 3742 diphthongum
299 3675 394 3726 induit.
703 3679 720 3726 2
736 3671 841 3738 utere]
857 3671 954 3723 Eadem
965 3665 1110 3721 contractio
1121 3663 1150 3714 iit
1161 3663 1197 3727 in,

137 3755 151 3802 1
180 3753 318 3816 Virginea]
350 3752 410 3802 Non
438 3751 502 3801 satia
529 3755 632 3802 constat
672 3751 792 3813 liberare,
803 3747 919 3810 liberius,
931 3745 1081 3811 periurium,
1090 3747 1117 3790 ot
1127 3739 1195 3790 simi·

105 3833 189 3877 utrum
200 3828 226 3877 in
238 3828 288 3877 hac
296 3841 360 3877 voce
372 3827 468 3878 vocalis
485 3827 571 3877 media
586 3827 630 3877 eii·
670 3827 746 3877 libor.

106 3902 630 3968 dcadaait,auprimscorripisrrds;pos·
701 3895 804 3961 ww]
813 3897 899 3958 clara,
908 3893 936 3944 ni
945 3891 1030 3955 iaiior,
1040 3887 1110 3956 epod
1119 3887 1199 3940 Piae·

105 3979 185 4029 terius
197 3980 296 4042 malim,
305 3992 364 4029 cnm
375 3977 401 4028 in
412 3979 500 4028 moitis
516 3976 629 4028 animati·
670 3983 724 4026 torn
733 3973 852 4036 exempla
860 3977 920 4021 sunt
930 3965 1138 4033 hojmtieantia,
1146 3979 1198 4030 qua

105 4061 198 4118 cmm,
220 4055 338 4104 rocsiem
358 4053 464 4104 brevem
484 4059 545 4104 anto
567 4051 631 4102 duas
670 4049 780 4102 atinaie
797 4049 825 4098 iu
846 4045 931 4098 serbis
946 4043 1014 4096 modi
1027 4041 1121 4093 infiniti
1135 4039 1198 4106 abji-

105 4143 228 4181 aoosonas
239 4143 349 4195 quornm
361 4129 432 4192 prior
441 4133 482 4178 sat
490 4141 513 4190 r,
524 4125 631 4190 corripi.
670 4127 738 4178 citor
748 4127 874 4188 sequente
890 4133 1010 4184 caumas,
1025 4133 1076 4185 qna
1092 4115 1198 4170 licentia

104 4204 199 4258 cmm
207 4219 271 4260 saro
277 4203 387 4258 affamur
394 4205 437 4258 hic
445 4217 535 4256 renus
542 4203 631 4258 Ennii:
671 4199 741 4252 nuda
752 4195 822 4264 apud
832 4195 914 4250 Italos
924 4193 1093 4263 iraqsmior.
1128 4189 1134 4200 ’
