2958 4892
463 417 889 472 tnuuroasnunrrrrr.
1025 458 1032 468 .
1152 413 1218 482 198

118 556 164 617 his
178 557 276 637 pectis
290 558 529 637 frequentissima
541 569 608 628 est:
630 577 666 620 ea
681 573 779 623 autem
792 563 835 636 fit,
857 583 925 624 cum
948 563 1016 626 dure
1039 567 1161 648 syllabce
1179 589 1217 630 cx

119 654 270 714 vocalibus
292 653 464 734 compositae
478 654 509 714 in
523 673 613 716 unam
625 656 808 731 coalescunt,
829 659 878 720 ubi
893 659 924 722 id
937 681 984 723 res
998 663 1059 724 ficri
1074 667 1216 744 postulat.

118 748 260 829 Exempla
273 749 304 807 in
319 749 435 810 duobus
450 750 550 830 primis
569 751 677 810 subulis
701 771 738 811 cn
763 755 827 826 tibi,
847 756 900 817 scd
926 756 964 818 de
986 759 1086 820 multis
1110 781 1215 840 pauca.

119 847 209 922 Deos,
217 845 465 926 monosyllabum,
478 855 559 919 utet,
568 865 634 908 suo.
657 847 778 916 Quicnci
789 849 982 931 disyllabum:
994 856 1215 935 grandiuscula,

118 945 350 1026 cnmyttnbum,
364 942 458 1004 Andr.
472 953 533 1004 act.
549 961 596 1003 ιι.
612 963 654 1005 sc.
669 947 700 1006 5.
724 949 771 1008 19.
791 948 843 1017 ait,
864 952 1116 1030 monosyllabum:
1141 953 1214 1014 ibid.

118 1053 174 1104 act.
190 1061 230 1102 11.
246 1061 290 1102 sc.
307 1041 337 1100 6.
355 1041 402 1101 19.
416 1048 448 1101 et
461 1039 541 1100 alibi.
574 1041 631 1114 lta,
645 1039 712 1116 tuit,
724 1042 970 1123 monosyllabum,
985 1057 1018 1108 ut
1032 1048 1110 1127 apud
1131 1048 1217 1108 Gree-

119 1158 167 1200 coa
189 1139 219 1219 yi
241 1137 283 1210 in,
302 1136 444 1216 harpyiae,
459 1147 490 1197 et
508 1137 538 1196 in
561 1135 697 1198 omnibus
710 1139 867 1218 praeteritis
881 1142 1099 1222 participiorum
1112 1147 1215 1206 actium

119 1247 167 1296 aut
190 1232 329 1296 medialis
350 1231 462 1304 lormoe,
484 1251 553 1312 qum
575 1233 635 1293 sint
655 1235 778 1296 secundi
799 1255 900 1298 sexus.
943 1238 988 1300 lta
1006 1248 1047 1311 et,
1065 1241 1131 1312 siet,
1151 1261 1215 1302 mo·

119 1330 320 1413 nosyllabum:
341 1328 464 1409 possiet,
488 1329 614 1390 duarum
638 1330 785 1392 interdum
805 1345 852 1394 cst
873 1333 1062 1413 syllabarum.
1105 1337 1166 1398 Sed
1186 1347 1217 1398 et

118 1429 200 1508 hujus
214 1429 319 1507 figuras
334 1425 470 1505 exempla
483 1437 554 1486 sunt
566 1427 647 1507 apud
660 1427 813 1507 Virgilium
828 1429 900 1490 setis
914 1429 1016 1492 multa.

155 1525 199 1585 Μ.
221 1525 257 1582 ln
272 1521 370 1584 medio
383 1521 520 1582 dictionis
534 1521 674 1582 eliditur:
696 1523 791 1584 Andr.
806 1534 864 1585 act.
881 1545 906 1588 ι.
920 1545 964 1588 sc.
982 1531 1007 1586 1.
1020 1529 1069 1587 64.

195 1628 205 1656 ⁴
221 1619 388 1700 Quicquam
402 1617 554 1691 attice-re,
567 1619 645 1680 cuim
658 1639 743 1681 re-ro
758 1631 924 1701 spectatum
939 1624 1033 1684 satis.'

157 1717 233 1780 lbid.
249 1736 295 1778 sc.
309 1719 339 1776 3.
357 1717 384 1774 l.
407 1719 416 1749 ⁴
432 1714 519 1774 Enim
534 1733 628 1788 ve-ro,
643 1714 747 1788 Darc,’
760 1721 826 1778 dcc.

122 1815 173 1874 Est
186 1821 375 1894 anapestus:
395 1829 498 1870 vorsus
513 1820 612 1872 autem
623 1823 670 1873 est
683 1815 864 1874 octonarius.

157 1909 233 1972 lbid.
247 1918 307 1972 act.
323 1927 378 1969 111.
393 1927 435 1968 sc.
451 1910 480 1968 2.
501 1909 551 1968 23.
587 1899 666 1969 Ante
687 1919 902 1970 consonantem
923 1911 954 1970 in
976 1931 1049 1974 socc
1068 1916 1214 1994 sequenti,

119 2007 243 2068 eliditur.

195 2103 307 2162 ‘Certe
328 2101 407 2160 enim
431 2098 510 2160 scio:
532 2118 592 2160 non
617 2102 689 2160 satis
713 2119 760 2162 me
782 2104 913 2181 pernosti
935 2103 1025 2166 ctiam
1038 2105 1135 2184 qualis
1150 2107 1214 2180 sim,

258 2197 363 2258 Simo!
455 2199 459 2204 '

119 2294 170 2355 Eat
183 2293 322 2373 dactylus
334 2294 364 2352 in
379 2292 474 2371 prima
487 2289 569 2352 sede.
604 2291 716 2350 Versus
730 2301 776 2352 est
790 2300 957 2355 tetrameter
971 2294 1130 2374 perlectus.

157 2389 231 2450 lbid.
241 2400 300 2450 act„
314 2410 361 2449 ιι.
370 2407 413 2450 sc.
425 2391 453 2448 5.
465 2389 494 2446 7.
510 2387 606 2447 ‘lton'
616 2386 721 2468 Chrya'
733 2387 821 2449 hcm?
835 2409 890 2451 nos
900 2389 1021 2471 quidem
1031 2390 1082 2472 pol
1094 2393 1215 2453 miseras

194 2485 344 2566 perdidit!

153 2577 650 2653 EliditurLin,ille,illos,illis,&c.
673 2577 711 2638 Et
719 2577 783 2639 aliis
793 2581 979 2660 quibusdam.
1002 2582 1128 2644 Eliditur
1136 2593 1167 2643 et
1176 2583 1215 2656 D,

118 2679 187 2738 utin
199 2677 277 2740 Eun.
287 2685 345 2738 act.
360 2695 399 2736 ιι.
410 2695 453 2735 sc.
463 2678 494 2736 2.
516 2673 642 2734 Eliditur
652 2694 772 2755 quoquc
782 2676 821 2750 R,
833 2687 866 2738 nt
875 2680 951 2740 banc
963 2698 981 2738 a
991 2679 1105 2738 Fadrno
1115 2680 1218 2738 obser-

116 2785 216 2836 vatum
229 2775 296 2836 tuit.
317 2773 452 2833 Graviter
469 2773 569 2850 itaque
589 2771 692 2849 lapsus
705 2783 752 2832 est
766 2773 912 2843 Muretus,
927 2773 977 2851 qui
992 2791 1052 2832 non
1064 2771 1172 2834 viderit
1185 2773 1216 2832 in

119 2891 202 2932 versu
217 2869 362 2950 AEschyli,
382 2887 470 2947 quem
491 2868 556 2947 ipse
576 2865 696 2945 profert,
717 2867 841 2946 primam
861 2867 903 2940 in,
925 2867 1066 2948 morphea
1081 2867 1134 2927 Gr.
1148 2887 1216 2929 esse

116 2969 245 3038 brevem,
266 2973 385 3044 propter
405 2963 434 3022 ll
453 2961 615 3041 liquidam:
637 2963 719 3041 auqui
737 2963 780 3022 sic
804 2972 860 3024 est.
901 2963 988 3022 Unde
1003 2963 1081 3042 apud
1096 2966 1215 3044 podtam

118 3062 267 3135 (irtacum
281 3071 316 3122 ut
329 3058 445 3121 ostendi
459 3057 528 3118 olim
542 3055 581 3117 ad
593 3054 770 3118 Phaedrum:
785 3057 895 3138 pherbe
906 3058 991 3131 boas,
1006 3057 1116 3137 pherbc
1127 3059 1216 3132 mela,

117 3163 172 3221 duc.
201 3159 369 3220 Estautcm
388 3155 602 3216 hexametrum.
644 3153 815 3215 Secundum
833 3152 919 3228 illutl,
943 3153 1063 3234 pherbe,
1081 3155 1217 3236 junctum

116 3273 183 3316 cnm
199 3255 326 3337 syllaba,
349 3272 393 3326 ns,
416 3250 548 3314 effecerit
568 3249 825 3330 palimbacchium,
844 3249 895 3330 qui
913 3267 966 3331 pes
989 3249 1078 3330 planc
1097 3253 1135 3312 ab
1158 3251 1216 3313 hoc

116 3371 226 3431 genere
247 3349 363 3411 alienus
385 3357 441 3408 est.

156 3447 251 3508 Elicio
265 3445 416 3507 interdum
428 3441 512 3505 nulla
525 3451 583 3509 eat.

115 3543 259 3605 Breviant
272 3541 419 3602 interdum
434 3542 546 3602 Comici
560 3561 629 3623 quae
643 3539 693 3600 alii
707 3515 886 3620 producunt,
903 3548 938 3600 ut
960 3539 973 3598 l
996 3538 1037 3614 in,
1053 3539 1110 3613 abi,
1124 3536 1217 3598 Andr.

114 3649 174 3700 act.
192 3659 216 3699 ι.
232 3659 276 3700 sc.
290 3639 321 3698 5.
334 3639 384 3697 26.
398 3638 456 3710 bis,
479 3648 511 3698 ct
523 3648 583 3700 act.
599 3657 629 3697 ι.
643 3656 688 3698 sc.
702 3636 731 3698 6.
749 3637 798 3698 14.
837 3635 885 3696 lta
907 3634 1062 3704 Terentius
1086 3633 1219 3696 ultimam

113 3735 237 3815 corripit
261 3735 305 3807 in,
325 3751 423 3808 mane,
444 3743 501 3796 act.
525 3751 574 3794 ra.
595 3753 638 3795 sc.
660 3735 691 3793 4.
712 3733 762 3792 21.
785 3731 827 3805 in,
842 3729 924 3810 jube,
937 3739 1003 3792 bct.
1019 3749 1050 3790 v.
1065 3749 1108 3791 sc.
1122 3733 1152 3788 4.
1168 3730 1219 3788 53.

112 3833 154 3906 in,
176 3843 256 3904 tace,
279 3831 358 3891 Eun.
379 3840 438 3890 act.
460 3849 517 3892 ιιι.
532 3850 575 3891 sc.
589 3850 618 3890 v.
640 3831 691 3889 23.
714 3833 770 3889 dcc.
792 3827 873 3907 quia,
897 3836 931 3886 ut
950 3826 1065 3906 opinor,
1078 3843 1115 3886 ea
1130 3823 1220 3886 verba

111 3939 201 3994 mant
214 3941 246 3992 et
259 3923 401 3988 mound-
415 3937 447 3988 et
459 3928 553 3988 testim
567 3923 741 3988 inflexionis.

532 4108 604 4168 ME.
646 4107 708 4167 TE.
751 4103 810 4164 SE.

151 4237 217 4299 Pro
233 4235 436 4296 :indicebant
452 4257 542 4297 mco:
564 4247 597 4296 ut
612 4235 706 4294 Andr.
721 4243 843 4314 act.1v.
859 4249 939 4292 scen.
954 4235 983 4290 4.
999 4236 1028 4292 5.

241 4341 250 4368 ‘
267 4333 400 4413 Reliquit
412 4335 480 4396 med
492 4334 590 4405 homo,
612 4343 701 4411 atqua
717 4331 806 4403 abiit:
820 4333 874 4388 &c

182 4431 279 4497 Delpl.
290 4435 315 4482 rt
328 4430 385 4484 Vas.
396 4431 460 4480 ctas.
642 4429 736 4478 Terent.
