2958 4892
264 371 329 436 254
385 385 577 436 nroruuon
604 383 815 436 nuuunnrno
840 387 889 436 nu
911 387 1054 437 nurum
1076 389 1241 441 rnnuuu.

384 530 495 588 Δονλόν
509 531 646 604 γενεσθαι
657 530 897 609 rdpnppovomor
909 529 1055 594 &norom

265 629 341 688 Cum
357 623 523 705 Euripiden,

383 723 450 782 Heri
464 747 566 802 mpure
581 725 725 802 κωθμῶνα
739 747 784 783 rur
800 729 896 784 uroror'
909 729 1010 785 πνλασ.

264 821 342 882 idem
356 819 539 882 admiserunt
550 823 581 882 in
594 821 706 882 Δσυλόν
718 828 750 880 et
764 819 843 892 iird,
857 819 938 898 quod
953 819 1063 880 Noster
1076 821 1118 894 iu,
1131 819 1246 881 Meidm
1260 833 1293 882 et
1306 842 1363 884 om·

267 917 339 980 ner:
360 919 415 998 ipoi
425 917 504 978 enim
519 917 589 979 nlibi
602 916 726 998 priorem
741 923 862 986 nonunt,
875 913 986 974 Antron
998 925 1030 976 et
1041 916 1128 976 Ἥκω.

308 1015 342 1074 ln
358 1011 491 1074 reconde
511 1012 601 1093 igitur
614 1010 734 1072 trimetri
748 1008 863 1088 διποδίᾳ
883 1009 942 1072 hoc
963 1010 1002 1072 de
1015 1030 1076 1091 quo
1090 1011 1206 1092 agimur
1220 1031 1283 1073 non
1296 1014 1362 1075 iire-

264 1115 325 1173 bet.
366 1109 483 1170 Gellius
508 1125 612 1168 xvrrr.
640 1110 688 1167 15.
708 1107 765 1166 ‘in
791 1107 913 1168 ueneriis
936 1107 1071 1169 versibur
1094 1107 1362 1169 nuimrdrememut

264 1207 376 1270 metrici
391 1206 467 1266 duor
482 1206 590 1286 primos
604 1203 707 1285 pedes,
727 1203 797 1264 item
811 1213 957 1264 extremo·
968 1203 1055 1277 door,
1076 1203 1184 1265 hebere
1198 1223 1291 1284 poure
1304 1207 1362 1266 sin·

267 1306 354 1385 gulos
368 1303 499 1380 integret
512 1311 611 1380 purten
625 1297 777 1372 orationis,
797 1297 911 1360 medior
924 1299 1007 1360 hund
1028 1317 1158 1381 nuquam
1179 1320 1290 1380 poure:
1312 1303 1363 1362 red

264 1411 403 1464 onnrture
426 1417 477 1458 uon
498 1415 612 1478 semper
632 1415 670 1458 ex
684 1397 779 1456 verbio
794 1405 846 1456 eut
859 1394 962 1456 diririr
976 1405 1028 1458 unt
1040 1395 1139 1456 mixtio
1154 1409 1245 1476 etque
1259 1397 1363 1458 eoniu-

267 1499 329 1560 εἰς]
369 1494 626 1574 Quotusquisque
647 1492 706 1553 hoo
730 1492 778 1552 rel
804 1489 973 1572 intelliget?
993 1491 1103 1554 nedum
1116 1505 1151 1554 ut
1164 1493 1301 1553 tenerior
1314 1513 1365 1573 per

264 1592 399 1674 ringuior
419 1590 510 1672 peden
534 1587 707 1649 reuudendo
728 1597 845 1667 tempus
866 1589 897 1648 in
916 1587 974 1649 hue
987 1588 1191 1650 obseruatione
1205 1587 1364 1650 conterati

265 1692 306 1750 At
318 1690 347 1749 in
362 1697 464 1750 uortrn
476 1683 605 1746 editione
619 1683 666 1744 rei
679 1681 760 1743 alind
774 1683 929 1763 egentibus
943 1683 974 1743 in
987 1685 1092 1746 oeuior
1105 1685 1245 1754 incurrit:
1263 1685 1364 1746 simui-

263 1805 323 1864 que
337 1783 422 1856 rutio,
442 1799 530 1862 quem
544 1780 657 1842 metrici
669 1778 718 1840 isti
732 1790 844 1853 recent,
865 1780 953 1860 pinne
966 1791 1100 1862 apparet.
1141 1782 1208 1844 Hoc
1222 1781 1268 1842 iiii
1283 1781 1365 1842 roin-

264 1889 369 1948 erunt:
391 1879 421 1938 in
435 1877 481 1938 hin
495 1887 526 1938 et
538 1875 683 1938 similibus
698 1876 840 1938 ueneriis:

384 1987 474 2049 Venit
487 1987 628 2047 Chremen
642 1985 785 2067 postridie
799 1985 837 2048 ed
852 2007 899 2048 me
914 1988 1079 2050 elemitnnr.

384 2082 594 2161 Mansuetique
607 2081 697 2143 enimi
710 2083 817 2158 officia,
832 2081 904 2163 quid
917 2083 1016 2144 multis
1030 2103 1144 2146 moror:

264 2199 340 2260 duos
354 2196 463 2278 primur
478 2195 614 2275 duosque
627 2205 794 2276 postremos
817 2196 908 2279 pedes
932 2195 1058 2277 singuiis
1080 2197 1176 2258 verbis
1200 2195 1316 2268 ciendi,
1337 2206 1366 2256 et

264 2305 364 2355 reete:
386 2302 418 2354 at
438 2291 544 2374 pedem
565 2293 684 2352 tertium
706 2301 878 2372 quartumve
900 2311 959 2353 non
973 2311 1063 2373 posse
1076 2302 1165 2356 reete.
1207 2293 1272 2353 Cur
1285 2291 1366 2353 hoci

263 2391 409 2470 quintum
424 2405 545 2448 necesse
558 2395 616 2458 ert,
636 2395 670 2446 ut
691 2387 769 2448 ictui
791 2387 820 2446 in
839 2387 958 2448 nitimur
973 2387 1102 2468 syllabus
1117 2387 1249 2456 cudunt;
1272 2388 1366 2468 qnod,

266 2495 300 2544 ut
313 2482 382 2556 dini,
404 2485 434 2542 in
451 2483 546 2563 primu
566 2481 726 2560 ultimoque
741 2481 855 2562 irroiip
869 2483 946 2544 nolet
960 2485 1042 2553 flerir
1064 2484 1094 2544 iu
1106 2483 1204 2544 media
1217 2505 1274 2546 nec
1288 2485 1366 2544 solet
1472 2551 1473 2568 χ

264 2591 295 2642 et
307 2579 356 2640 vix
370 2596 501 2657 uuquam
515 2577 596 2637 iicet.
639 2575 799 2638 Rarissime
823 2579 922 2660 igitur,
947 2579 1038 2640 remei
1061 2591 1149 2660 etque
1170 2581 1288 2652 iterum,
1312 2580 1365 2644 sed
1472 2579 1473 2624 i

263 2695 372 2758 magno
387 2673 542 2736 sententiae
556 2673 648 2747 luero,
670 2673 788 2734 admisit
800 2675 858 2736 hoe
872 2677 902 2735 in
917 2675 1054 2737 trimetris
1067 2675 1240 2737 Terentius:

422 2783 576 2847 Permisit
589 2805 658 2860 uox,
675 2785 766 2860 umor,
779 2787 891 2860 vinnm,
906 2786 1116 2851 adolescentie.

424 2879 558 2942 Scelesta
571 2879 656 2942 orem
671 2881 742 2962 lupo
756 2883 888 2944 commisi
900 2903 908 2944 ι
930 2883 1081 2964 dispudet.

265 2991 342 3050 Nem
355 2989 441 3062 iliud,

421 3085 519 3144 Nosse
533 3086 633 3146 omnin
646 3087 711 3148 haec
726 3087 807 3148 soiius
821 3100 868 3151 ert
881 3089 1129 3167 adolescentibus,

263 3199 292 3256 in
307 3197 363 3256 huc
377 3195 507 3256 editione
521 3197 614 3258 uoluti
628 3207 684 3260 eut.
726 3199 898 3260 Notandum
919 3220 1039 3281 quoque
1062 3203 1103 3276 in,
1127 3202 1219 3278 emor,
1232 3219 1265 3266 et
1279 3207 1369 3287 lupo,
1472 3231 1473 3272 ;

263 3291 389 3370 priorem
411 3293 529 3354 brevem
554 3312 632 3367 erne,
652 3303 739 3354 etex
762 3295 883 3356 muniere
904 3295 1065 3358 rationibor
1087 3297 1129 3359 itu
1149 3312 1306 3380 oporterer
1331 3313 1368 3362 nt

263 3386 343 3468 apud
359 3387 525 3462 Horatium,

423 3501 490 3562 Jam
501 3502 565 3582 jam
578 3503 692 3565 efficaci
705 3503 744 3564 do
758 3503 865 3564 munim
879 3503 1021 3564 ueieutioe.

423 3597 471 3658 Ad
484 3599 645 3678 pervicacis
658 3600 716 3661 heu
731 3599 824 3680 pedis
841 3599 975 3661 Achillei.

264 3709 302 3770 Et
317 3709 448 3772 similiter
461 3709 491 3769 in
506 3713 596 3772 verbo
608 3711 762 3793 trisyllabo
775 3712 850 3774 duos
864 3714 939 3774 ictor
954 3713 1123 3792 recipiente,
1143 3712 1168 3772 ni
1183 3711 1214 3772 id
1229 3711 1371 3776 διποδίαν

262 3803 443 3866 trocheicum
457 3806 587 3882 inchoat,
608 3807 707 3868 medin
724 3808 780 3869 erit
792 3828 829 3869 ex
841 3819 903 3870 erte
916 3809 1034 3870 brevior

343 3917 409 3978 Nisi
423 3919 473 3998 pol
487 3919 579 3980 filiium
593 3921 775 3983 multimodis
790 3921 906 4002 expeto,
921 3931 955 3982 nt
968 3919 1072 3982 redeit
1085 3917 1216 3980 domurn.

263 4027 463 4090 itereetehio
477 4029 600 4106 editum,
624 4053 684 4094 non
708 4043 848 4114 expecto,-
867 4046 901 4096 ut
925 4047 956 4096 et
977 4035 1035 4095 aliu
1049 4032 1184 4115 plurimu,
1206 4052 1277 4111 qooe
1292 4047 1373 4098 ante
1472 4015 1473 4088 i

263 4141 317 4183 non
331 4125 438 4188 vitiose
450 4127 629 4204 ferebantur,
650 4130 681 4190 in
695 4131 774 4192 omni
789 4151 923 4194 versuum
937 4151 1045 4214 genere
1058 4129 1106 4190 hio
1119 4127 1324 4209 corriguntur.
