2948 4890
362 419 542 470 nsurunts
564 419 713 470 uerusu
739 421 1001 496 utsssrsusuro.
1183 409 1228 475 86

242 563 386 642 'Opeis't‘irr
400 561 473 623 Zeis
486 561 558 644 apide
572 565 705 641 sparsim
719 569 801 636 osor,

243 658 290 722 Ol
303 659 415 736 ψεῦδος,
432 659 496 720 subl
508 664 624 736 κόμπον,
639 664 671 720 nd
684 665 777 740 μωρὸν
792 667 886 738 γέλων

247 755 372 828 Ἀσκῦν,
387 757 419 817 τὸ
432 755 457 816 δ’
470 755 522 828 ἥδ’)
533 764 636 836 μοῦνος
648 761 696 818 οὔκ
709 761 868 819 ἐπίσταται.

124 928 224 998 Quare
236 923 380 986 divinitus
394 926 432 986 ab
445 925 604 988 Aristotele
619 926 731 988 dictum
745 939 802 1002 est,
814 937 926 1008 partem
942 928 1132 1008 turpitudinis
1145 947 1222 1004 esse,

121 1024 152 1086 id
167 1020 253 1102 quod
268 1033 314 1083 est
327 1021 495 1083 ridiculum.
537 1023 654 1084 Diserte
668 1025 744 1084 enim
760 1026 811 1098 ait,
826 1027 913 1086 ὅτιτὸ
928 1032 1052 1102 γελοῖον,
1063 1031 1162 1106 ’μόρων
1175 1033 1225 1088 τοῦ

121 1124 244 1200 αἰσχροῦ
257 1121 345 1180 ἐστιν.
387 1119 445 1191 Itu,
466 1139 535 1198 quea
558 1119 606 1180 sel
628 1122 658 1180 in
672 1122 767 1180 verbis
781 1131 932 1182 auctorum
947 1121 992 1181 rel
1007 1123 1152 1196 sensibus,
1175 1123 1224 1184 vel

121 1219 151 1276 in
166 1235 305 1276 sermone
318 1215 471 1275 bominum
482 1227 513 1276 et
523 1216 621 1288 iactis,
633 1227 684 1276 aut
695 1215 812 1278 detorta
825 1227 896 1278 sunt
909 1227 961 1276 aut
975 1217 1143 1298 depravata,
1158 1221 1221 1280 ani·

121 1331 186 1372 tuos
199 1310 335 1391 plebeios
349 1311 537 1372 vehementer
551 1323 680 1384 mouent,
702 1325 732 1374 et
754 1313 810 1372 boc
835 1314 900 1393 ipso
914 1315 1004 1374 risum
1018 1315 1222 1394 utplurimum

122 1409 290 1468 excutiunt.
333 1405 463 1490 ldenque
477 1408 617 1468 inusitata
631 1409 710 1468 dicta
723 1420 754 1469 et
767 1413 917 1483 obscoene,
943 1411 1118 1490 optimorum
1132 1411 1221 1472 cavil-

121 1504 263 1577 lationes,
288 1503 471 1584 singulorum
492 1505 697 1576 contumelias,
722 1507 882 1566 sententias
906 1525 1069 1585 perversas,
1093 1505 1220 1586 ideoque

120 1599 338 1682 inexpectatae,
360 1599 474 1678 aliaque
488 1599 519 1658 id
539 1619 633 1679 genus
647 1601 756 1679 (qualis
770 1601 894 1662 imitatio
908 1601 1052 1662 dictorum
1067 1601 1112 1660 sel
1125 1601 1220 1662 sacto·

120 1716 196 1768 rum,
220 1706 253 1758 et
273 1695 406 1776 inprimis
420 1696 632 1778 improborum)
653 1698 742 1758 risum
757 1699 883 1758 maxime
897 1698 926 1756 in
942 1696 1107 1771 Consoedie,
1130 1717 1219 1776 quarn

120 1792 260 1854 Veterem
274 1791 421 1866 dicebant,
442 1794 622 1872 expressisse
636 1805 762 1856 constat.
805 1795 892 1864 Quod
907 1794 1087 1875 intelligunt,
1100 1794 1151 1873 qui
1170 1815 1222 1874 ge·

120 1889 202 1950 nium
216 1887 334 1950 ridiculi
346 1887 515 1970 intelligunt
530 1899 618 1970 atque
632 1891 772 1952 indolem.
816 1892 909 1972 Cujus
934 1903 1063 1971 segetem
1084 1890 1215 1970 largissi-

121 2003 199 2046 mam
213 1985 261 2044 vel
275 2003 353 2045 unus
367 1985 580 2065 Aristophanes
596 1988 776 2068 suppeditat.
817 1989 876 2058 Qui
893 2008 951 2048 oon
967 1986 1054 2050 modo
1069 1987 1217 2060 Plautum,

121 2079 174 2140 sed
188 2099 394 2161 quoscumque
407 2081 464 2142 bac
478 2081 508 2142 in
524 2095 606 2162 parte
621 2086 778 2164 superauit,
790 2103 950 2164 omnesque
965 2095 1013 2144 τοῦ
1027 2089 1142 2160 γελοίου
1157 2102 1220 2144 mu·

121 2175 175 2236 dos
190 2197 227 2238 ae
240 2179 352 2257 ligures
366 2177 546 2258 lepidissime
560 2182 712 2262 expressit.
756 2181 891 2261 Denique
905 2191 939 2242 ut
961 2191 1087 2252 acetum,
1108 2181 1164 2238 nisi
1177 2177 1219 2238 vi·

121 2293 191 2332 num
206 2273 246 2333 sit
260 2285 440 2354 corruptum,
454 2277 564 2336 bonum
578 2297 727 2357 nunquam
742 2281 811 2348 erit;
831 2279 882 2350 ita,
896 2297 963 2357 quse
978 2277 1093 2336 sincera
1106 2283 1176 2334 sunt
1189 2283 1220 2334 et

123 2389 203 2443 vera,
227 2369 318 2430 risum
333 2390 485 2452 nunquam
498 2375 679 2435 excitabunt.
720 2375 865 2456 Apposite
880 2372 1090 2443 Quintilianus,
1116 2371 1164 2430 ubi
1180 2369 1218 2428 de

123 2464 282 2526 Ridicule:
303 2468 363 2526 ‘Et
375 2466 494 2528 hercule
509 2470 603 2529 omnis
619 2470 698 2532 salse
712 2468 831 2530 dicendi
846 2469 931 2542 ratio,
953 2468 983 2526 in
997 2485 1033 2528 ao
1047 2477 1104 2538 est,
1118 2475 1152 2525 ut
1165 2465 1219 2525 ali·

120 2573 165 2623 ter
177 2581 269 2642 quam
282 2573 330 2624 est
342 2574 452 2624 rectum
465 2583 624 2645 verumque
639 2567 774 2628 dicatur!
815 2569 913 2636 Quare
938 2576 968 2624 et
981 2563 1163 2644 compositus
1178 2559 1217 2622 ad

120 2659 211 2718 risum
227 2677 335 2732 sermo,
357 2661 394 2718 ab
416 2661 548 2720 oratione
572 2673 662 2736 recta,
683 2683 769 2742 quam
796 2668 940 2734 mussula
954 2659 1085 2740 magistri
1098 2669 1218 2728 vocant,

122 2773 210 2835 quam
224 2755 398 2834 longissime
412 2757 499 2818 abeat
513 2777 636 2818 necesse
651 2769 708 2830 est,
719 2759 803 2838 eujus
817 2757 942 2836 proprias
952 2759 1085 2826 uirtutes,
1097 2757 1114 2824 ὴ
1128 2755 1218 2832 nupsi-

122 2875 195 2923 mn,
207 2856 225 2923 ἡ
239 2854 386 2923 ἐπιείκεια,
400 2855 418 2923 ἡ
431 2855 561 2932 ἀφέλεια,
585 2857 603 2924 ἦ
625 2857 755 2926 ἀλήθεια,
780 2852 984 2932 perspicuitas,
998 2849 1134 2928 equitus,
1148 2849 1218 2908 sisn-

120 2947 249 3027 plicitas,
274 2947 394 3020 veritas,
418 2959 577 3026 ponuntur.
625 2947 693 3016 Qua
717 2948 746 3007 in
772 2955 854 3026 parte
880 2963 968 3024 supra
992 2943 1217 3004 admirationem

119 3044 249 3104 omnium
274 3043 438 3104 Menander
461 3043 540 3123 apud
566 3043 699 3116 Grsecos,
722 3042 875 3104 Terentius
899 3041 1042 3100 Romanis
1064 3039 1217 3100 fueritne·

120 3159 203 3200 cesse
228 3149 295 3199 est:
316 3139 367 3219 qui
390 3149 425 3198 ut
448 3140 517 3200 siris
540 3139 722 3222 sapientibus
737 3159 772 3200 ae
786 3139 908 3199 eruditis
922 3137 1103 3218 voluptatem
1117 3137 1217 3216 potius

120 3235 268 3308 efferrem,
282 3255 371 3314 quam
386 3255 571 3316 quacumque
585 3237 698 3296 ratione
712 3235 803 3294 risum
816 3243 1033 3312 extorquerent,
1047 3231 1157 3312 duplici
1167 3231 1218 3311 ju·

119 3331 273 3392 canditate
286 3331 444 3392 utilitatem
458 3331 632 3410 (imitatione
646 3331 714 3392 vitre
725 3331 838 3391 scilicet
847 3329 995 3400 humanm,
1009 3339 1041 3389 et
1053 3327 1218 3388 inimitabili

119 3429 233 3510 lepore)
256 3413 443 3489 coridierunt.
485 3428 569 3488 Metu
592 3429 669 3488 enim
694 3426 898 3488 Macedonium
921 3425 1074 3505 potentie,
1098 3423 1218 3484 licentia

119 3527 271 3606 Antiquae,
292 3535 326 3584 ut
347 3527 506 3587 observant
528 3523 639 3599 Critici,
664 3523 783 3584 deiecit.
824 3521 918 3601 Cujus
940 3521 1038 3582 locum
1059 3518 1217 3600 occupavit

119 3621 216 3682 Nova.
259 3621 351 3702 Cujus
366 3631 397 3682 et
411 3621 534 3680 formam
548 3619 679 3680 nondum
699 3619 817 3701 penitus
831 3617 942 3678 uidisse
965 3614 1140 3689 absolutam,
1163 3615 1217 3676 sed

115 3717 177 3798 jam
190 3719 365 3798 onneepisse
380 3717 489 3791 animo,
502 3725 622 3797 putatur
634 3716 818 3778 Aristoteles.
848 3714 920 3794 Ejus
933 3731 1002 3774 vero
1016 3711 1133 3770 unicum
1148 3729 1215 3789 pro·

116 3813 261 3892 positum,
278 3812 424 3872 humanos
439 3831 527 3873 nosse
542 3823 631 3892 atque
645 3813 750 3874 imitari
764 3829 870 3872 mores.
913 3809 980 3876 Quo
994 3819 1024 3868 et
1039 3807 1078 3865 D.
1094 3805 1215 3864 llieron.

118 3907 257 3987 Epistola
270 3905 309 3967 ad
333 3907 462 3980 Furiam,
477 3906 515 3969 de
529 3907 681 3969 Viduitate
697 3907 859 3980 Servanda,
874 3904 1004 3984 respicit,
1018 3921 1084 3962 curn
1099 3899 1214 3980 iuquit:

118 4011 126 4037 ⁴
139 4005 204 4064 Nec
217 4003 334 4077 munus,
349 4003 407 4064 boc
419 4003 541 4082 figulum
555 4005 684 4067 sensisse
695 4004 733 4066 de
746 4001 874 4075 vasculo,
886 3999 966 4081 quod
979 3999 1042 4078 ipse
1055 3997 1215 4058 fabricatus

117 4111 174 4174 est,
200 4119 268 4161 curn
284 4100 373 4160 eliam
388 4100 537 4172 Comicus,
559 4103 644 4184 cujus
658 4103 725 4162 linis
738 4112 784 4162 est
796 4101 941 4160 humanos
955 4113 1051 4156 rnores
1066 4111 1154 4154 nosse
1168 4103 1213 4153 at·

117 4216 176 4282 que
188 4195 366 4270 describere,
381 4195 506 4259 dixerit:
528 4199 612 4262 Suus
634 4199 771 4264 Cassan
796 4215 835 4258 un
859 4193 984 4254 Ltussu
1008 4207 1131 4256 aurosa
1151 4187 1216 4250 Vu-
