2958 4892
251 428 307 477 JO.
333 421 498 475 nanctus
523 426 572 473 DE
597 423 765 476 RA'rtortu
790 403 909 474 llE'l'lll
934 423 1100 476 tantur.
1168 409 1233 480 195

270 719 337 784 DE
358 717 579 784 RATIONE
601 717 757 783 METRI
779 717 1088 788 TERENTIANI

516 851 585 918 JO.
616 849 840 918 LENGIUS.

129 1041 177 1118 De
190 1043 294 1103 metris
308 1040 492 1103 Terentiauis
505 1049 540 1100 ut
553 1041 646 1102 multa
659 1040 768 1116 dicam,
792 1061 889 1123 oeque
904 1044 1030 1106 instituti
1046 1049 1138 1108 nostri
1162 1052 1227 1110 bre·
1290 1088 1291 1092 =

127 1137 202 1198 vitas
214 1139 340 1218 petitum
362 1148 394 1198 et
414 1135 539 1216 plurimi,
560 1137 611 1216 qui
625 1135 662 1195 da
675 1135 732 1198 bac
746 1155 777 1196 re
791 1137 982 1216 scripserunt,
997 1141 1050 1200 riri
1065 1142 1227 1206 doctissimi

129 1251 380 1312 supervacaneum
392 1231 453 1292 lere
467 1231 609 1292 lecerunt.
652 1229 712 1291 Sed
726 1232 865 1310 quoniam
878 1234 908 1294 in
921 1235 1008 1294 variis
1023 1235 1112 1317 hujus
1124 1254 1225 1302 aueto-

129 1329 167 1388 ris
180 1327 360 1389 lectionibus
375 1327 574 1407 dijudicandis
588 1327 673 1388 metri
687 1328 761 1387 ratio
774 1328 855 1388 haud
876 1349 978 1408 perum
997 1331 1093 1411 juvat,
1115 1335 1226 1398 idcirco

128 1443 222 1503 pauca
236 1423 386 1504 quasdam,
400 1445 467 1503 quoe
482 1424 540 1485 lruc
554 1433 700 1503 spectant,
715 1423 921 1503 praemittenda
935 1427 1084 1490 duximus.
1159 1445 1164 1456 ¹

167 1519 282 1580 Versus
306 1519 406 1600 igitur,
427 1519 535 1598 quibus
549 1519 641 1579 utitur
652 1519 818 1590 Terentius,
842 1531 911 1580 sunt
927 1523 1100 1604 plerumque
1114 1527 1159 1586 vel
1175 1531 1225 1588 tri·

128 1615 211 1675 metri
233 1615 296 1674 sive
319 1616 436 1688 senarii,
459 1613 505 1673 vel
527 1613 686 1674 tetrametri
702 1634 754 1673 seu
769 1617 932 1678 octonarii:
954 1617 1086 1681 dimetria
1107 1624 1226 1702 quidem
1287 1609 1292 1616 ¹

128 1729 352 1791 nonuunquam,
373 1709 426 1771 sad
439 1710 543 1783 rarius,
556 1710 664 1780 ub'turr
687 1712 877 1772 monometris
891 1713 1048 1780 rarissime.

531 1888 587 1949 DE
615 1889 814 1953 SENtlllllS.

167 1998 281 2060 Notum
306 2009 353 2062 est
375 1998 513 2062 Senarios
535 1999 604 2062 olim
628 2001 774 2079 perfectos
789 2019 841 2062 sex
855 2001 982 2083 pedibus
998 2005 1101 2067 iambis
1117 2009 1227 2068 cousti-

126 2095 215 2157 tisse:
238 2096 337 2176 qualis
351 2107 415 2157 est:

248 2210 418 2272 Amantium
432 2210 483 2270 irae
497 2209 605 2271 amoris
617 2211 774 2290 integratio
787 2219 842 2272 est.

127 2321 187 2382 Sed
199 2331 309 2403 praeter
321 2322 401 2384 bunc
415 2342 531 2384 veroum
546 2323 649 2384 nullibi
670 2343 717 2384 mc
740 2343 845 2405 purum
866 2325 1020 2386 iambicum
1045 2326 1123 2408 apud
1145 2327 1225 2394 hunc

127 2427 276 2479 auctorem
302 2418 532 2498 deprehendisse
557 2419 698 2481 memini:
728 2418 809 2502 quod
835 2421 923 2480 etiam
948 2421 1019 2481 lacit
1041 2433 1076 2481 ut
1096 2421 1225 2496 credam,

125 2514 310 2592 proverbiale
323 2513 380 2574 hoc
394 2515 485 2576 luisse
500 2514 624 2588 dictum,
648 2517 685 2576 ab
710 2517 874 2596 antiquiore
893 2516 993 2600 aliquo
1006 2520 1095 2598 polita
1108 2531 1226 2578 mutua-

125 2618 199 2670 tum.
241 2609 359 2671 Deinde
374 2621 472 2671 autem
486 2621 636 2691 receptum
651 2621 707 2683 est,
731 2621 765 2671 ut
787 2622 893 2692 praeter
914 2613 1020 2692 pedem
1034 2615 1161 2673 iambum
1176 2613 1228 2673 tri·

125 2706 257 2788 brachya
270 2709 333 2786 (qui
344 2707 422 2784 litet
435 2705 612 2788 resolutione
626 2705 729 2782 iambi)
742 2707 830 2766 etiam
845 2707 1005 2785 spondaeus
1017 2717 1047 2766 et
1057 2727 1160 2766 omnes
1174 2727 1226 2786 pe·

126 2800 180 2862 des
188 2802 239 2881 qui
251 2813 322 2862 sunt
333 2801 464 2882 ejusdem
474 2822 541 2864 cum
553 2801 697 2882 spondaeo
707 2801 846 2880 temporis
858 2807 975 2880 (praeter
983 2801 1231 2883 amplsibrachyn)'

125 2898 155 2956 in
170 2897 293 2958 sedibus
307 2897 475 2978 imparibus,
496 2917 603 2978 nempe
617 2899 721 2979 prima,
744 2897 840 2968 tertia,
862 2896 967 2975 quinta
980 2896 1224 2966 admitterentur:

125 2993 208 3055 locos
222 3013 321 3075 pares,
345 2996 364 3056 i.
380 3015 407 3055 e.
430 2995 604 3070 secundum,
626 3005 775 3076 quartum,
801 3002 916 3056 sextum
931 3002 1096 3072 occupante
1110 2992 1226 3054 interim

126 3091 192 3152 solo
212 3093 322 3152 iambo.
365 3091 545 3172 Hujusmodi
569 3113 672 3154 versus
686 3092 766 3174 apud
781 3090 904 3150 Graecos
919 3099 979 3149 tam
993 3088 1123 3150 comicos
1138 3109 1227 3169 quam

125 3187 256 3267 tragicos
271 3187 468 3261 usitatissimi,
483 3187 562 3267 apud
577 3199 710 3250 nostrum
726 3197 876 3248 auctorem
891 3184 1048 3260 interdum,
1061 3184 1113 3244 sed
1128 3187 1225 3252 minus

124 3284 304 3364 frequenter,
320 3293 484 3365 apparent:
506 3293 557 3346 ut:

246 3396 367 3458 Accede
380 3395 419 3458 ad
432 3397 531 3478 ignem
543 3395 634 3472 hunc,
649 3397 713 3478 jam
726 3395 857 3460 calesces
872 3395 939 3477 plus
954 3395 1038 3456 satis.

124 3509 282 3572 Postremo
295 3511 395 3591 igitur,
416 3518 449 3570 ut
462 3520 586 3570 metrum
600 3509 744 3570 comicum
759 3507 797 3568 ad
813 3528 977 3570 sermonem
992 3507 1141 3586 vulgarem
1158 3525 1225 3585 pro·

122 3608 192 3686 pius
206 3607 373 3680 accederet,
394 3606 432 3667 de
450 3605 521 3668 sede
544 3617 627 3670 sexta
642 3615 754 3668 tantum
770 3605 832 3668 sire
846 3605 950 3668 ultima
965 3603 1072 3664 soliciti
1086 3621 1152 3663 esse
1167 3621 1226 3660 coe-

121 3714 242 3782 parunt,
269 3715 303 3765 ut
327 3705 422 3784 ipsam
446 3724 561 3788 semper
583 3705 699 3765 iambus
725 3712 903 3788 occuparetr
932 3702 963 3760 in
987 3699 1092 3761 ceteris
1118 3709 1226 3770 summ,

122 3798 287 3861 dummodo
302 3801 465 3862 trochaeum
487 3801 689 3872 excluderent,
710 3800 781 3859 satis
802 3798 979 3866 habueruut,
1002 3795 1027 3854 si
1050 3792 1096 3852 vel
1122 3793 1226 3851 tribra-

121 3897 215 3984 chyn,
236 3897 284 3958 vel
299 3895 486 3978 spondaeum,
499 3897 546 3958 vel
561 3897 704 3977 spondoeo
716 3893 828 3973 (quoad
843 3891 989 3970 tempora)
1007 3909 1107 3970 parem
1122 3887 1224 3968 dacty-

121 3997 195 4067 lum,
218 4003 415 4074 anapoestum,
438 3993 731 4076 proceleusmaticum
755 4008 809 4069 pro
834 3987 917 4047 libitu
940 3995 1127 4066 usurparent.
1169 3983 1227 4044 Per

120 4091 288 4153 trochaeum
303 4100 412 4162 autem,
423 4109 510 4170 quem
522 4108 673 4168 nunquam
687 4085 817 4146 admittit
826 4101 944 4143 carmen
956 4081 1125 4150 iambicum,
1136 4079 1226 4142 istum

122 4207 243 4269 semper
264 4187 400 4268 intelligo
424 4186 542 4266 pedem,
565 4185 649 4264 cujus
664 4185 784 4264 primam
800 4181 944 4263 syllabam
959 4179 1079 4258 longam
1096 4177 1227 4256 sequitur
