3012 4892
562 380 610 430 DE
634 379 822 430 THBATRO·
1197 370 1241 434 65

139 520 259 600 ponito,
272 521 302 580 in
318 539 351 582 re
367 539 426 582 noa
441 520 584 582 habeare·
598 521 655 582 nini
669 531 823 582 renuatam
838 520 1034 601 elegantiam:
1053 525 1156 602 quales
1172 539 1239 587 arunt

140 618 309 678 Plautinae:
333 616 530 696 Rhyntonicra
544 617 706 680 Comoedlre
720 617 809 680 dicta
821 619 859 680 ab
875 619 1012 680 Auctoris
1027 622 1163 682 nomine:
1184 624 1241 682 Ta·

139 714 294 785 becumine.
319 716 358 774 ab
375 714 540 776 bumilitate
555 716 720 793 argumenti
736 727 766 776 et
780 715 869 795 rtpli:
892 715 1027 778 Palliatm
1042 719 1080 780 ab
1092 717 1194 778 babitu
1209 697 1241 780 el

141 821 316 889 eramento
331 809 450 870 Graeco.
478 809 574 898 Minui,
595 809 633 868 ab
648 811 846 872 inuerecunda
860 811 1021 874 imitatione
1029 813 1131 874 vilium
1143 833 1238 876 rerum

141 915 168 966 et
181 905 292 964 levium
306 925 508 984 personarum.
539 906 714 985 Planipedia
727 927 845 986 quoque
861 908 1013 970 Comoedia
1026 907 1119 982 dicta,
1132 911 1171 972 ob
1186 911 1240 972 bu·

139 1001 294 1062 militatem
305 1001 481 1080 argumenti,
504 1019 539 1062 ao
553 1001 696 1062 vilitatem
710 1014 854 1072 actorum,
877 1004 928 1082 qui
943 1023 1003 1064 non
1017 1004 1172 1076 cothurno,
1187 1019 1240 1064 aut

141 1115 229 1158 rocco
244 1099 403 1158 utebantur
418 1097 448 1158 in
463 1117 562 1170 amna,
584 1107 635 1158 aut
648 1097 773 1177 pulpito,
788 1098 841 1158 aed
864 1097 954 1176 plano
974 1098 1069 1178 pede:
1091 1099 1138 1159 uel
1162 1101 1242 1172 ideo,

141 1193 218 1271 quod
234 1213 296 1256 non
311 1211 347 1254 ea
362 1193 482 1272 negotia
503 1193 664 1264 contineat,
685 1213 752 1272 quae
778 1211 970 1272 personarum
991 1193 1020 1252 in
1036 1195 1174 1268 torribus,
1189 1207 1241 1258 aut

140 1291 167 1348 io
183 1289 349 1350 cmnuculia
362 1288 556 1349 habitantium
571 1298 652 1360 aunt,
665 1289 718 1348 aed
732 1288 762 1348 in
778 1288 870 1367 plano
882 1300 913 1350 et
927 1289 1027 1350 humili
1042 1290 1118 1352 loco.

179 1387 322 1448 Omnium
339 1395 436 1448 autem
453 1385 670 1446 Comoediarum
683 1385 804 1465 rcripta,
826 1407 894 1466 quaa
911 1387 1051 1447 Drmnata
1070 1386 1168 1448 Graeci
1190 1409 1243 1450 rc·

141 1485 260 1556 cabant,
281 1503 318 1542 ex
332 1493 459 1563 quatuor
474 1483 561 1542 rebus
577 1483 698 1542 omnino
713 1493 888 1542 rumuntnr:
909 1483 1038 1554 nomine,
1060 1483 1137 1556 loco,
1151 1485 1240 1562 racto,

142 1587 260 1638 eventu.
294 1577 432 1648 Nomine.
443 1587 476 1638 ut
490 1575 640 1649 Phormio,
656 1576 782 1657 Hecyra,
798 1577 953 1657 Gurgulio,
968 1578 1121 1656 Epidicus.
1154 1582 1241 1655 Loco,

142 1683 174 1732 ut
186 1673 313 1745 Andria,
329 1672 488 1744 leucadia,
506 1671 703 1732 brundusina.
741 1673 844 1746 Facto,
860 1684 894 1734 ut
909 1674 1081 1748 Eunuchus,
1096 1677 1241 1750 Asinaria,

144 1769 268 1848 Captivi.
313 1769 438 1841 Eventu,
461 1767 754 1839 utComnrorientea,
769 1769 909 1848 Adelphi,
933 1769 1241 1832 Heautontimorume-

143 1885 206 1926 noa.
249 1865 399 1926 Dividitur
411 1864 496 1924 Nora
511 1862 665 1924 Comoedia
679 1864 708 1922 in
722 1874 849 1943 quatuor
863 1876 980 1944 purten:
996 1866 1160 1947 prologum,
1175 1885 1242 1946 prc-

144 1962 229 2032 urin,
242 1961 384 2040 epitasin,
396 1961 618 2040 catastrophen.

182 2057 331 2136 Prologus
349 2067 397 2118 ert
410 2057 501 2118 veluti
515 2058 651 2137 praelatio
664 2059 803 2137 qumdum
819 2057 951 2139 Fabulae,
974 2060 1003 2118 in
1018 2077 1079 2138 qua
1093 2059 1138 2118 vel
1154 2061 1243 2137 poeta

144 2163 312 2224 excuaatur,
325 2155 373 2213 vel
387 2153 488 2213 sabula
501 2154 734 2214 commendatur.

184 2251 317 2312 Promis
331 2259 378 2310 ert
391 2250 501 2328 primur
516 2261 600 2310 actua
614 2249 745 2324 Fabulae,
765 2251 795 2309 in
815 2269 875 2328 qno
889 2269 958 2330 para
972 2251 1136 2330 argumenti
1150 2247 1243 2328 expli·

144 2357 236 2418 catur,
249 2365 320 2426 para
334 2344 483 2417 reticetur,
496 2346 535 2406 ad
548 2345 652 2426 populi
665 2346 900 2426 expectationem
914 2347 1083 2406 tenendam.

183 2441 315 2521 Epitaaia
329 2441 539 2502 incrementum
556 2453 613 2512 eat,
635 2459 851 2520 proceremque
865 2441 1027 2512 turbarum,
1048 2449 1080 2500 et
1101 2439 1244 2498 involutio

145 2537 322 2618 argumenti,
335 2537 421 2615 cujna
434 2539 583 2616 elegantia
598 2539 792 2598 connectitur.

184 2633 385 2712 Cataatropbe
406 2641 454 2694 eut
472 2633 629 2712 explicatio
652 2631 783 2706 Fabulae,
806 2651 858 2712 per
873 2651 962 2711 quam
976 2640 1100 2691 eventus
1114 2631 1178 2709 ejua
1193 2647 1244 2689 ex·

144 2731 271 2810 plicatur
285 2739 375 2810 atque
388 2731 576 2809 approbatur.

272 2908 329 2970 DE
350 2906 555 2968 LUDORUM
578 2905 857 2975 ANTIQUORUM
880 2901 1126 2962 GENERlBUS.

186 3035 307 3109 Verum,
328 3045 363 3098 nt
380 3036 476 3096 omnia
491 3033 709 3094 Comoediaronr
725 3033 799 3092 ratio
813 3031 928 3091 facilius
944 3029 1135 3109 intelligatur,
1158 3036 1246 3107 atque

146 3129 223 3190 adeo
236 3151 284 3204 ea,
301 3151 368 3212 qnae
390 3151 507 3192 omnem
521 3129 739 3191 Comoediarnm
762 3129 908 3188 actionem
929 3136 1075 3206 spectant,
1090 3123 1246 3185 attenden-

146 3223 217 3286 dnm
231 3237 280 3287 eut
299 3229 436 3309 primum,
457 3227 579 3307 quando
600 3227 714 3298 fierent,
735 3245 794 3306 quo
815 3227 893 3298 loco,
917 3235 947 3284 et
961 3225 1137 3303 qual'orma.
1180 3221 1246 3280 Hoc

146 3331 246 3381 autem
261 3332 324 3382 tum
338 3321 456 3382 demum
472 3322 565 3382 lector
579 3321 735 3402 intelliget,
757 3341 824 3381 oum
848 3320 1024 3400 pernoverit,
1046 3319 1118 3399 quid
1139 3317 1249 3377 luerint

146 3417 227 3497 apud
242 3419 392 3499 antiquos,
407 3419 491 3492 Ludi,
506 3419 643 3492 Theatra,
658 3419 763 3490 Aetna,
778 3419 893 3490 Scenae,
908 3427 939 3476 et
954 3413 1123 3494 hujusmodi
1138 3421 1246 3473 cetera.

186 3513 283 3574 Vetoa
300 3514 400 3593 itaque
415 3513 580 3586 Comoedia,
600 3515 669 3574 item
684 3513 772 3573 etiam
787 3511 952 3592 Tragoedia,
966 3513 1091 3590 primurn
1107 3509 1155 3588 agi
1169 3507 1246 3568 eole-

144 3610 198 3668 bat
213 3629 231 3668 a
246 3610 374 3683 Graecia,
396 3609 426 3668 in
448 3611 520 3670 vicia
543 3619 574 3668 et
598 3609 689 3689 pratia
712 3608 861 3680 mollibus,
883 3607 1019 3687 ascriptis
1038 3615 1068 3666 et
1087 3603 1246 3684 propositi·

144 3705 288 3784 montiis,
310 3705 417 3786 quibus
432 3705 471 3766 ad
486 3705 673 3766 scribendum
695 3707 847 3786 po‘e'tarum
864 3713 1095 3784 provocarentur
1108 3699 1246 3778 ingenius

144 3803 298 3862 actoribus
312 3820 432 3882 quoqne
444 3821 567 3862 munera
581 3800 788 3870 offerebantur,
806 3817 952 3878 caperque
965 3797 1045 3856 dono
1065 3795 1200 3866 dabatur,
1215 3803 1248 3853 ut

144 3895 289 3957 libentius
306 3898 443 3978 jucundo
464 3899 546 3958 vocis
566 3898 644 3957 flexu
659 3897 698 3956 ad
714 3894 903 3956 dulcedinum
918 3889 1180 3953 commentationes
1195 3907 1248 3968 pn·

144 3993 250 4073 pulum
266 3993 430 4056 allicerent.

187 4093 369 4172 Agebantur
383 4091 545 4152 Comoedioe
567 4101 597 4150 et
608 4088 774 4167 Tragoedioe
789 4083 867 4163 apud
883 4083 1098 4142 vetustissimos
1113 4083 1140 4141 in
1157 4081 1250 4140 hono·

145 4211 207 4255 rem
224 4189 322 4250 Liberi
336 4189 439 4268 patrie.
480 4189 513 4247 ln
529 4187 613 4248 ltalia
626 4187 750 4266 primum
765 4193 839 4243 actae
856 4191 925 4240 sunt
939 4179 1144 4258 Compitalitiia
1160 4176 1250 4236 Ludi·

212 4286 339 4352 Delphaet
352 4284 482 4338 Vuncluu.
662 4283 756 4333 Terent.
1164 4273 1186 4324 E
