2948 4890
313 365 515 418 coeranus
539 369 589 420 nr
612 373 725 426 nunra
751 379 1054 440 nnoaurrrarnue.
1190 381 1233 448 81

132 505 353 584 significabant,
372 507 451 570 latio
472 511 596 572 vertitur
615 511 741 578 dabatur
765 521 931 586 candidae:
953 533 1128 594 oeruronorir
1142 536 1232 600 obro-

130 601 226 662 lctuc:
247 602 332 663 diviti
346 623 467 685 quoque
486 627 669 687 purpureus:
690 617 813 694 pauperi
831 618 1006 700 phoeniciae.
1047 627 1162 710 Tragici
1179 645 1231 696 aut

129 698 259 776 tragoedi
283 709 400 762 actores
424 703 696 770 Calceamentcrum
721 732 828 790 genere
850 735 869 775 a
894 717 1044 781 Comoedia
1068 727 1228 804 variabant,

127 811 223 872 eoque
241 793 495 858 discernebantur.
536 801 701 866 Utebantur
727 809 805 870 enirn
828 811 945 893 Tragici
969 815 1000 876 in
1021 817 1149 886 Theatra
1168 825 1229 886 Co-

128 889 256 963 tburnie,
271 891 353 971 quod
367 892 426 954 tale
439 914 534 974 genua
549 908 613 960 erat
626 899 829 980 calceamenti,
846 917 881 968 ut
894 909 998 974 dextro
1011 914 1144 996 laevoque
1157 921 1226 1000 pedi

127 987 456 1050 conveniretrceterum
467 989 559 1052 altum
567 997 967 1084 etprominenr,actoreaque
977 1011 1155 1088 proceriore·
1163 1017 1227 1076 effi·

126 1079 209 1142 ciens
219 1101 258 1144 ac
267 1083 411 1146 reserens:
422 1087 492 1148 varii
501 1088 619 1165 coloris,
628 1103 659 1154 et
669 1093 827 1160 boneatum
837 1109 926 1180 atque
935 1103 1072 1184 elegant:
1084 1111 1225 1190 nequead

124 1197 224 1238 euram
238 1177 413 1260 plerumque
426 1181 605 1260 deuinctum,
619 1207 700 1251 more
717 1191 842 1254 Punico.
886 1197 999 1260 Comici
1022 1211 1149 1282 actores,
1171 1217 1224 1270 aut

124 1275 264 1350 comoedi,
288 1277 320 1336 in
344 1279 442 1340 acenir
466 1281 568 1344 Soccio
592 1288 769 1351 utebantur:
804 1291 885 1371 quod
907 1295 1100 1361 calceamenti
1125 1323 1221 1384 genua

124 1371 236 1452 optime
259 1374 316 1432 aub
337 1373 428 1454 pallio
450 1381 653 1443 conveniebat.
696 1384 953 1454 Quemadmodum
967 1394 1046 1454 enim
1059 1415 1222 1480 pauperum

123 1487 157 1528 ac
170 1468 351 1530 rusticorum
365 1471 569 1534 reatimentum
584 1477 640 1538 suit
659 1477 796 1558 Pallium,
818 1483 861 1544 ita
877 1487 965 1548 etiem
989 1489 1103 1554 Scaeua
1128 1495 1221 1556 altum

122 1565 177 1625 r'uit
198 1565 434 1628 calceamentum
461 1569 577 1632 rurticia
602 1576 761 1658 proprium,
785 1590 904 1662 propter
924 1584 1031 1646 imbreo
1054 1597 1086 1648 et
1114 1589 1220 1665 lutum,

122 1671 210 1740 atque
232 1661 383 1743 hybernae
407 1664 537 1744 pruinae.
578 1669 622 1729 Eo
644 1671 837 1735 calceamenti
857 1695 966 1756 genere
984 1683 1143 1744 utebantur
1157 1696 1219 1746 tam

121 1759 172 1818 riri
185 1778 280 1838 quam
292 1759 439 1823 mulieres.
485 1762 703 1832 Quintilianur:
732 1777 741 1804 ⁸
753 1769 909 1834 Comoedia
928 1775 959 1834 in
982 1777 1143 1842 cotbumoa
1158 1801 1219 1843 non

120 1855 269 1935 assurgit:
290 1875 347 1917 nac
364 1858 637 1940 contratl'ragoedia
651 1879 740 1927 rocco
754 1866 938 1948 ingreditur!
957 1871 1115 1952 Tragoedia
1125 1877 1216 1952 eninr,

120 1971 185 2010 cum
199 1971 290 2030 grave
304 1961 335 2012 et
347 1971 488 2033 magnum
509 1969 725 2036 argumentum,
749 1982 932 2045 magnaeque
957 1977 987 2028 at
999 1945 1135 2050 ‘ingenue
1150 1993 1218 2053 pcr-

120 2065 208 2108 aonue
221 2067 286 2126 praa
301 2068 334 2108 ae
347 2050 445 2121 ferret,
458 2049 610 2113 cothurnis
626 2057 668 2114 uti
683 2055 793 2118 debuit.
828 2059 1011 2122 Comoediam
1027 2075 1136 2142 autam,
1147 2087 1216 2130 com

119 2153 197 2204 earet
218 2142 351 2214 bomilia,
375 2155 406 2205 et
426 2147 551 2208 ruaticoo
573 2165 749 2232 proponeret
768 2153 798 2213 in
821 2174 924 2229 ocena,
946 2157 1044 2236 palliis
1068 2169 1099 2220 et
1120 2165 1216 2226 roccio

119 2239 301 2302 commodius
325 2252 390 2301 erat
402 2242 509 2304 ornari.
550 2244 639 2313 Quod
661 2259 803 2328 preaterea
824 2249 862 2312 da
884 2249 930 2312 hia
946 2254 1032 2314 rebur
1053 2255 1112 2318 dici
1125 2276 1214 2338 porra

119 2334 263 2414 quispiam
279 2335 439 2416 judicabit,
462 2341 493 2402 id
514 2343 544 2401 in
561 2342 640 2402 aliud
655 2356 771 2426 tempua
783 2357 921 2426 expectet
933 2367 1055 2412 neaerae
1066 2361 1132 2412 eat:
1153 2373 1213 2416 non

119 2430 193 2490 enim
207 2431 256 2491 bic
270 2433 371 2492 omnia
385 2434 472 2495 oimul
490 2437 637 2500 discutere
660 2441 746 2500 nobie
758 2441 850 2514 licuit,
875 2453 937 2504 tum
950 2455 1069 2524 propter
1081 2447 1123 2508 rei
1137 2447 1214 2510 diffi-

118 2526 267 2604 cultatem,
278 2539 343 2590 tum
353 2549 423 2592 vero
436 2536 506 2614 quia
517 2555 569 2614 par
582 2535 703 2616 negotia
716 2538 814 2598 minue
825 2539 882 2600 tuit
894 2541 1093 2604 commodum.

527 2807 800 2822 ———-.--—-

525 2825 801 2850 ῳ

320 3014 636 3088 ANTONIUS
674 3019 1000 3092 GOVEANUS

412 3186 464 3236 nn
487 3187 596 3238 nunus
620 3185 911 3241 unorneuernus.

113 3349 160 3425 Dr
175 3366 266 3426 Ludis
280 3361 507 3446 Megalensibus
518 3365 588 3446 quia
598 3365 670 3426 certi
685 3363 757 3424 nibil
772 3367 851 3446 apud
862 3368 1008 3429 ductores
1020 3371 1207 3450 reperiebam,

113 3480 168 3520 non
188 3464 242 3522 aba
264 3483 296 3522 re
320 3463 431 3542 putavi,
455 3483 522 3542 qum
544 3461 684 3540 colligere
697 3449 760 3542 ipae
782 3465 875 3543 potui,
898 3465 928 3524 in
951 3465 1079 3526 medium
1094 3467 1207 3528 afferre.
1256 3533 1261 3542 ,

111 3555 312 3632 Μηαλησίσνε
323 3558 452 3636 Magnae
467 3557 526 3617 dici
540 3556 682 3618 aGraacia
696 3559 777 3620 Deoa
789 3570 892 3621 auctor
902 3571 949 3622 eat
962 3561 1116 3624 Donatus:
1130 3563 1208 3624 Σωὺι

110 3653 184 3712 enirn
199 3653 303 3714 AEolea
322 3653 403 3714 Dece
416 3663 542 3714 vocant:
565 3653 643 3713 unde
669 3653 797 3733 Sibyllae
819 3655 876 3716 dici
899 3655 964 3716 vult
985 3657 1106 3720 Aristo:
1126 3659 1208 3737 qnod

111 3748 239 3810 Deorum
254 3757 369 3810 mentes
383 3749 564 3830 conciliaque
578 3749 766 3832 perspiciant.
809 3749 938 3832 Magnos
962 3771 1033 3813 vero
1058 3753 1138 3812 Deor
1162 3753 1207 3812 in-

110 3845 220 3925 telligo,
234 3865 312 3924 quoa
326 3846 469 3926 majorum
484 3847 616 3923 gentiunt
633 3839 738 3906 Cicero
752 3857 849 3918 vocat,
864 3845 915 3924 qui
929 3865 948 3906 a
960 3847 1044 3906 terrio
1057 3845 1088 3906 in
1100 3844 1208 3909 coelum

109 3959 165 3999 aon
189 3960 374 4021 pervenere:
404 3941 480 4002 talea
504 3941 688 4004 habebantur
713 3941 839 4019 Jupiter,
868 3942 1037 4022 Neptunus,
1063 3941 1207 4017 Minerva,

110 4036 194 4095 luno.
238 4035 280 4096 Ar
303 4055 400 4116 neque
423 4037 539 4116 magnit
561 4039 697 4098 omnibus
724 4036 799 4110 Diio,
824 4035 877 4097 aad
899 4047 1013 4098 tanturn
1038 4037 1206 4110 coerentibus

110 4141 188 4190 erunt
204 4131 237 4190 bi
254 4129 327 4190 Ludi
341 4135 515 4194 consecrati.
559 4133 623 4194 lina
639 4153 716 4207 ease,
739 4153 815 4213 quoe
830 4133 981 4194 Romanos
997 4135 1112 4196 interim
1126 4131 1207 4195 ride-

169 4227 440 4294 Dclpb.cll¹or.Clor.
613 4221 708 4283 Terent.
1121 4227 1142 4284 1¹¹
