2958 4892
271 371 337 440 oet
637 375 872 430 ruuucrscus
897 371 1000 423 auur

273 527 403 592 ostendit
422 529 490 599 vo'x,
510 539 651 596 cuuueer,
674 539 743 581 cum
765 535 840 580 ocuo
862 515 992 587 referret,
1012 529 1085 574 cure
1105 529 1142 574 nc
1157 527 1226 572 eor:
1249 509 1314 570 Cic.
1328 507 1367 568 de
1467 541 1468 544 =

275 627 373 686 Divin.
386 643 426 684 11.
436 625 486 682 40.

316 719 371 782 Hir
395 726 494 778 eutem
517 711 666 795 principii·
687 728 728 768 er
751 703 999 787 prouuuficticnir
1019 703 1051 762 iu
1073 719 1208 762 sermone
1232 697 1369 759 familiari
1467 721 1468 742 ÷

274 817 392 876 usitetur
416 822 447 872 ct
460 819 600 870 occentus
615 815 720 863 cuturn
733 801 875 862 decumis
893 799 995 872 innixi,
1016 797 1146 858 omnium
1160 795 1221 854 iere
1234 793 1370 854 licentiu-

275 931 339 972 rum
353 909 458 990 quibus
478 901 591 964 Comici
605 911 719 960 vetere·
737 895 785 956 uri
810 905 890 966 runt,
913 894 1042 954 untione·
1066 890 1153 952 focile
1166 889 1369 969 expediemur.

276 1002 590 1078 <incoactumque
612 994 732 1056 citerius
757 989 968 1070 ouutgeuerir,
991 1007 1028 1048 ex
1050 986 1086 1046 iir
1107 985 1195 1047 etiem
1217 983 1320 1065 plures
1334 1002 1370 1044 ex
1467 987 1468 1064 i

277 1101 419 1164 rermoniu
433 1107 464 1158 et
471 1093 613 1174 colloquii
626 1101 731 1151 nature
744 1088 896 1154 orientum
918 1083 985 1145 elice
1002 1081 1129 1143 libertati
1152 1080 1201 1140 iuti
1220 1080 1369 1159 imputen-
1467 1071 1468 1138 i

276 1198 324 1258 do
338 1205 408 1256 uuut
419 1213 488 1274 qum
501 1191 568 1250 aliie
590 1187 677 1248 etium
697 1184 793 1264 poetis
815 1201 855 1242 cx
866 1179 952 1242 meni
964 1177 1142 1239 ueceuritute
1152 1191 1302 1235 concerno
1315 1183 1370 1247 eut,
1467 1183 1468 1242 g

273 1311 404 1374 qumque
418 1309 453 1350 er
467 1285 632 1367 eopodticu
651 1281 770 1342 licentio
781 1277 900 1349 dicitur,
924 1275 955 1335 in
976 1291 1036 1354 que
1057 1270 1169 1331 Lutiuir
1192 1269 1371 1349 puniverunt
1467 1263 1468 1344 i

279 1388 389 1458 Greci,
413 1381 552 1465 imprimis
576 1395 646 1440 vero
670 1377 828 1436 Homeme.
869 1369 941 1442 Sed,
967 1377 1001 1428 ut
1026 1365 1193 1426 distinctior
1217 1378 1305 1442 ugron
1334 1362 1371 1422 de
1467 1361 1468 1428 i

274 1483 403 1544 licentiis
416 1480 508 1550 hince,
521 1495 592 1556 quon,
601 1494 640 1534 ex
653 1471 793 1531 dintumu
817 1466 918 1526 Plauti
938 1475 970 1525 et
981 1459 1110 1523 Terentii
1131 1458 1258 1519 lectione
1271 1459 1372 1518 obren-
1467 1451 1468 1530 i

280 1581 355 1652 ruri,
369 1577 428 1637 huc
441 1575 502 1635 iere
520 1571 655 1632 redeunt.
1467 1549 1468 1562 ¹

318 1672 428 1745 Primo,
441 1665 645 1747 monosyllaba
658 1661 781 1740 quoeris,
807 1678 843 1720 ee
862 1655 1026 1738 prmrertim
1049 1671 1117 1732 qum
1141 1659 1213 1712 eunt
1234 1649 1372 1727 frequen·
1467 1699 1468 1712 ,

280 1769 363 1832 tiorir
383 1769 415 1827 iu
440 1781 574 1826 oermcuc
588 1779 672 1830 nune,
696 1775 749 1838 pro
763 1757 848 1816 libitu
862 1753 1032 1831 corripiunt,
1054 1750 1123 1810 licet
1136 1750 1234 1808 obstet
1248 1763 1309 1804 uon
1325 1762 1376 1824 po·
1467 1729 1468 1772 i

282 1865 348 1925 uitio
361 1861 461 1932 modo,
472 1858 529 1920 ced
544 1858 573 1915 iu
588 1853 737 1916 nonnullis
752 1853 841 1913 etiem
854 1849 965 1911 vocalis
979 1849 1079 1926 louge,
1092 1843 1139 1904 vel
1162 1840 1373 1922 diphthongus.

283 1957 427 2038 Exemplo
439 1955 501 2016 rint
512 1954 578 2014 hec
590 1972 598 2012 ι

604 2087 656 2136 eut
791 2153 794 2158 ,
884 2073 922 2132 ob
940 2071 952 2106 ‘
1163 2063 1243 2144 quod

363 2181 401 2240 ub
606 2173 674 2232 dein
882 2187 935 2248 per
1160 2161 1211 2222 iric

606 2285 624 2326 e
887 2259 941 2320 red
1163 2257 1228 2316 haec

606 2381 643 2422 ex
883 2355 930 2416 vel
1161 2352 1218 2412 hoc

605 2453 688 2514 houd
886 2463 920 2512 ut
1163 2447 1232 2508 huic

609 2551 639 2610 iu
889 2545 963 2627 proh
1164 2542 1245 2603 huuc

367 2663 398 2716 et
609 2665 664 2706 uec
889 2644 939 2724 qui
1164 2637 1241 2699 huuc

366 2744 551 2830 utq'(vcl)uc
610 2761 690 2802 nnuc
889 2735 961 2818 quid
1167 2733 1223 2793 hoc
1235 2733 1326 2811 (abt.)

325 2862 384 2922 huc

326 2957 389 3018 huc
660 2968 727 3010 com
806 2967 867 3007 rem

327 3052 398 3110 hinc
661 3043 731 3102 dum
809 3061 899 3122 quum

330 3141 555 3220 mihiinrouco.)
661 3139 728 3198 hem
809 3157 895 3216 quem

657 3255 721 3314 Jnm
811 3253 900 3313 quum

1139 2906 1186 2958 αἱ

1140 2991 1216 3053 eutu’

1141 3099 1212 3148 mni.

1141 3183 1206 3242 unit

1142 3280 1186 3337 viu
1199 3281 1241 3358 (u,
1251 3276 1335 3354 vnio)

1143 3372 1190 3436 ir‘.

993 3051 1013 3126 04

993 3127 1024 3306 ‘seruo

1034 3331 1060 3469 aaut
1034 3170 1058 3305 anau
1023 2913 1062 3164 ngdpsoo

335 3571 396 3643 Ad,
410 3570 458 3643 eb,
473 3569 537 3644 ube,
550 3571 599 3643 cb,
615 3590 664 3643 uu,
678 3571 720 3641 in,
742 3589 809 3642 cce,
827 3570 859 3630 iu
874 3573 1084 3650 compositione
1096 3571 1185 3631 etiem
1203 3589 1285 3648 crepe
1299 3570 1391 3630 curri*

294 3669 425 3750 piuutur,
448 3685 516 3725 cum
540 3667 635 3726 breuis
661 3667 700 3726 uit
713 3665 842 3725 omnium
859 3666 981 3726 voculis.
1022 3675 1041 3702 “
1054 3667 1200 3726 Observet
1213 3667 1392 3744 curioseque

294 3761 500 3826 animadvertit
512 3765 558 3838 (ut
571 3762 663 3822 Geliii
675 3763 770 3823 verbio
790 3773 866 3834 uter,
889 3761 909 3821 1.
927 3781 1005 3824 11.c.
1020 3765 1081 3838 17.)
1101 3763 1145 3822 Μ.
1158 3761 1286 3832 Tullius,
1307 3761 1338 3819 in
1353 3773 1394 3833 et,

293 3878 362 3932 con,
374 3857 599 3937 proepcritioueo
614 3869 685 3918 tuuc
700 3857 823 3938 produci
838 3868 926 3937 utque
940 3857 1087 3939 protendi,
1101 3875 1168 3917 cum
1177 3857 1271 3916 literae
1284 3875 1395 3934 seque-

294 3964 405 4026 rentur,
419 3971 487 4031 qum
501 3953 602 4031 primm
614 3964 685 4013 runt
703 3955 744 4025 in,
765 3954 908 4032 rapiente,
928 3965 1027 4031 etque,
1041 3953 1143 4014 seiice:
1164 3953 1195 4010 iu
1210 3952 1276 4009 uiiio
1291 3963 1396 4011 antem

295 4048 430 4108 omuibus
454 4057 587 4125 correpte
606 4048 817 4126 pronuntieri.”
858 4048 933 4116 Qum
956 4067 1027 4108 uero
1051 4049 1081 4108 iu
1101 4065 1234 4108 sermone
1255 4059 1397 4128 correpte

292 4141 570 4223 pronuntiabuntur,
581 4144 613 4204 iu
629 4144 758 4206 versibus
772 4163 890 4222 quoqne
911 4143 1024 4206 Comici
1038 4162 1094 4224 pro
1108 4143 1225 4205 arbitrio
1239 4143 1397 4223 corripue-
