2948 4890
259 407 323 472 102
490 421 670 472 unurnms
694 419 839 470 unrusrr
865 416 1123 468 nissunrsmo.

260 577 418 640 ponuntur,
441 575 492 624 eut
507 563 670 642 subjectum
691 561 767 622 idem
791 571 837 620 est
850 579 915 620 oum
933 559 1104 642 predicato.
1148 559 1188 619 Ut
1201 577 1267 618 cum
1282 557 1345 637 Epi·

261 661 397 720 charmus
411 661 502 720 dixit:

379 789 457 850 Τόκα
471 792 523 871 μὲν
537 792 569 849 ἂν
582 793 671 859 salvom
685 770 744 863 ded
757 785 802 859 ἦν,
817 791 883 847 τόκα
897 787 928 846 δὲ
942 791 1018 863 παρὰ
1031 790 1131 856 riuum
1210 863 1215 874 .

379 887 463 948 Tune
475 889 550 948 inter
564 887 631 946 illos
645 905 702 966 ego
716 903 805 956 eram,
819 897 890 944 tunc
906 883 984 964 upud
999 883 1075 942 illos.

261 1017 312 1076 Bis
324 1015 401 1076 enim
414 1015 492 1076 idem
508 1015 597 1083 dicit;
620 1035 687 1093 quoe
710 1023 757 1074 est
780 1013 859 1073 lraus
883 1014 912 1072 in
936 1011 1031 1070 verbis
1056 1008 1350 1090 proeterexpectatio·

260 1131 336 1172 nem.
379 1111 461 1172 Idem
476 1125 573 1172 autem
588 1121 635 1171 est
647 1130 713 1170 cum
728 1109 889 1188 praedicato
904 1107 1088 1186 subjectum:
1111 1117 1144 1166 ut
1162 1105 1264 1164 inillis
1279 1106 1350 1164 Cur-

260 1207 319 1268 cul.
335 1209 401 1270 Act.
416 1231 444 1268 v.
460 1209 557 1270 Scene
570 1211 601 1268 4.
1324 1203 1326 1210 ’

342 1335 420 1404 Quoi
434 1337 544 1398 homini
560 1335 607 1396 Dii
621 1343 691 1394 sunt
704 1333 832 1414 propitii,
846 1336 873 1394 ei
889 1353 947 1395 non
962 1351 1029 1394 esse
1044 1334 1133 1392 iratos
1148 1341 1232 1410 puto.

262 1431 364 1492 Sticho
377 1451 385 1492 r

343 1527 465 1588 Emalis
481 1527 590 1599 multis,
614 1525 721 1586 malum
737 1524 817 1605 quod
837 1523 988 1584 minimum
1010 1535 1067 1597 ert,
1091 1523 1122 1584 id
1144 1523 1295 1584 minimum
1308 1531 1352 1582 est

420 1625 538 1684 malum.

260 1722 411 1804 Captivis:

381 1819 445 1878 Hos
459 1837 534 1898 quos
548 1817 653 1876 videtis
669 1826 747 1876 stare
762 1818 895 1896 captivos
910 1815 997 1888 duos,

383 1915 421 1974 Hi
437 1925 528 1985 stunt,
543 1934 602 1973 non
618 1913 732 1974 sedent.

260 2011 336 2078 Quse
345 2011 408 2090 jem
417 2011 497 2072 docti
508 2011 698 2091 collegerunt.
722 2010 807 2070 Unde
820 2019 850 2070 et
864 2011 950 2070 istem
965 2009 1070 2069 summi
1084 2003 1187 2068 Critici
1200 2025 1353 2067 censuram

260 2106 366 2166 meruit
377 2127 384 2166 :

379 2203 504 2262 Plautus
518 2202 555 2264 nd
571 2204 720 2282 exemplar
734 2202 826 2262 Siculi
841 2220 995 2282 properare
1011 2199 1180 2282 Epicharmi

317 2343 320 2350 .
382 2299 507 2360 Dicitur.

261 2431 435 2508 Quanquam
453 2447 523 2488 sene
539 2427 607 2487 alibi
622 2447 681 2488 non
696 2429 850 2488 invenuste
866 2429 900 2488 iis
915 2447 987 2488 usus
1002 2437 1057 2488 est.
1100 2428 1175 2496 Quae
1191 2423 1356 2485 Menander

260 2534 369 2597 tamen,
391 2534 421 2585 et
436 2525 543 2604 ”imago
564 2525 638 2604 ejus,
661 2525 778 2604 dequo
801 2545 880 2584 nuno
904 2525 1011 2604 egitur,
1031 2523 1196 2591 Terentius,
1214 2534 1356 2601 tanquam

259 2641 326 2679 cunr
349 2621 480 2700 periculo
500 2620 669 2700 conjuncte,
696 2623 770 2680 serio
796 2621 944 2700 sugerunt.
987 2621 1061 2680 Haec
1075 2638 1128 2698 pro
1143 2617 1213 2678 Viro
1229 2619 1356 2677 maximo

261 2717 404 2786 Horatio;
427 2737 522 2797 neque
536 2717 676 2778 adversus
690 2718 830 2778 Plautum
844 2717 924 2778 dieta
939 2727 1018 2790 sunt,
1032 2735 1118 2795 quem
1134 2734 1278 2787 amamus,
1292 2735 1358 2774 sus·

260 2813 395 2893 pinianus,
410 2813 571 2893 diligimus,
585 2833 620 2874 sc
634 2835 827 2882 venersmnr3
851 2835 960 2885 verum,
984 2825 1018 2872 ut
1037 2812 1181 2893 judicium
1206 2812 1248 2872 sic
1269 2830 1357 2872 ecun-

261 2930 340 2980 mus;
357 2911 442 2970 simul
457 2922 490 2968 ut
505 2911 582 2968 acuti
594 2910 653 2982 isti,
667 2911 746 2990 quod
759 2911 892 2979 videntur
905 2909 970 2982 sibi,
984 2911 1024 2970 itn
1038 2909 1251 2988 facetissimum
1266 2908 1358 2987 scrip·

260 3017 353 3066 torem
368 3019 477 3078 ament,
492 3007 603 3085 legent,
615 3017 752 3080 tractent,
767 3017 856 3086 etque
872 3007 1008 3067 ediscant
1020 3005 1113 3085 (quod
1128 3015 1159 3066 et
1172 3013 1250 3066 recte
1266 3015 1298 3066 et
1311 3024 1357 3065 or·

262 3099 331 3162 dine
347 3105 384 3160 ab
399 3102 434 3164 iis
449 3102 510 3160 lieri
533 3101 675 3162 letemur:
699 3123 795 3182 neque
809 3103 886 3162 enim
900 3104 973 3164 satis
987 3100 1186 3164 commendari
1200 3103 1313 3181 potest)
1326 3113 1360 3162 ut

261 3217 317 3257 neo
331 3197 418 3276 plane
433 3207 463 3258 et
475 3199 584 3277 ubique
599 3199 754 3260 Veteribus
776 3203 919 3281 probasse
940 3219 972 3259 se
994 3197 1199 3260 meminerint:
1221 3209 1262 3272 et,
1277 3199 1359 3278 quod

261 3293 309 3350 hic
324 3294 470 3374 precipue
486 3305 664 3375 spectamus,
690 3297 727 3357 de
743 3297 866 3357 Horatio
880 3297 1003 3376 ejusque
1017 3296 1084 3356 crisi
1099 3296 1196 3356 minus
1210 3294 1301 3354 libere
1315 3297 1359 3356 lo·

261 3403 405 3469 quantur:
431 3391 556 3450 Terentii
572 3403 670 3452 entem
682 3393 784 3452 miram
799 3413 834 3452 ec
849 3413 939 3473 prope
953 3391 1131 3452 ineffabilem
1148 3391 1358 3463 amoenitatern,

261 3487 448 3565 elegantiam,
466 3485 620 3565 judicium,
635 3507 671 3550 ec
687 3499 881 3560 venustatem,
898 3488 1062 3568 intelligere
1075 3487 1217 3568 peulstim
1230 3486 1358 3548 discant.

263 3581 355 3662 Cujus
369 3583 553 3644 incredibiles
567 3585 694 3665 lepores,
708 3597 743 3646 ut
765 3585 914 3666 losephus
937 3585 1069 3665 Scaliger
1083 3585 1201 3645 dicebat
1214 3583 1295 3657 olim,
1310 3585 1360 3644 vix

261 3679 440 3740 centesimus
454 3680 633 3741 eruditorum
649 3684 773 3763 quisque
786 3683 877 3744 videt.
918 3683 964 3743 Ne
978 3702 1046 3742 curn
1063 3681 1114 3742 illo
1129 3681 1215 3741 simul
1228 3690 1259 3741 et
1272 3681 1360 3740 Atre·

262 3777 354 3849 nium,
375 3776 527 3856 antiquum
543 3777 706 3853 Comicum,
727 3780 935 3852 condemnent,
959 3779 1044 3859 cujus
1064 3779 1246 3840 verissimum
1268 3787 1359 3858 atque

262 3873 429 3934 absolutum
443 3884 524 3934 extat
533 3874 695 3955 judicium:

380 4004 517 4065 Terentio
530 4025 589 4066 non
604 4007 727 4068 similem
742 4007 823 4068 dices
839 4007 1014 4088 quempiam.

263 4113 357 4174 Nobis
371 4116 483 4176 Eruditi
498 4118 663 4196 ignoscent,
675 4119 755 4199 quod
775 4119 839 4180 beec
860 4119 967 4192 fusius,
990 4119 1015 4177 si
1037 4117 1170 4198 cogitent
1183 4115 1369 4208 presertim,

262 4231 369 4274 munus
382 4214 442 4272 veri
455 4213 556 4274 Critici
570 4235 635 4276 esse
650 4236 684 4278 ec
695 4219 843 4292 Censoris,
859 4237 917 4278 non
931 4215 1077 4278 literalem
1091 4214 1198 4296 ejicere
1212 4211 1292 4288 alibi,
1306 4224 1359 4274 eut
