2956 4886
248 387 312 453 104
466 395 628 446 nonanta
651 393 884 444 rnnononrcr
909 391 1118 442 naonovncr

289 539 387 600 Tertia
400 540 456 601 tuit
469 541 890 606 Hnauroreurntonutrnrtoo,
914 545 947 594 ut
968 544 1086 595 constat
1099 553 1135 595 ex
1150 533 1337 608 Didascaliin,

250 655 317 717 quae
331 637 361 696 in
376 638 471 696 lronte
484 637 562 696 illius
577 637 724 714 leguntur,
746 635 775 692 iu
799 633 863 692 hmo
886 633 995 691 verba:
1018 633 1115 692 ‘Acta
1126 635 1213 693 tertia
1229 634 1273 693 M.
1286 635 1339 694 lu-

249 735 347 793 ventio
361 743 392 793 et
405 733 449 792 M.
464 731 637 814 Sempronio
651 729 748 788 Coos!
789 727 848 796 Qui
861 727 998 788 consuler
1017 727 1136 788 luerunt
1157 747 1235 789 anno
1249 731 1287 790 ab
1303 731 1336 790 U.

250 830 285 888 C.
302 829 372 888 591.

290 924 429 1004 Sequitur
441 934 547 1004 quarta
562 923 733 995 Paconio,
749 921 786 982 de
800 939 860 1002 quo
874 919 1072 982 Didascaliae:
1095 927 1104 956 ⁸
1120 921 1213 982 Facta
1226 933 1273 984 eat
1287 925 1337 984 lV.
1460 937 1461 962 ³

250 1021 287 1079 C.
303 1022 425 1094 Fannio,
441 1021 484 1080 M.
499 1020 617 1080 Valerio
632 1019 729 1080 Cons.'
758 1016 847 1088 Quod
860 1018 946 1078 etiam
961 1027 1085 1076 testatur
1096 1017 1245 1088 Donatus,
1260 1019 1338 1081 Prae·

251 1118 361 1177 latione
374 1118 404 1176 in
418 1117 496 1176 hanc
511 1115 671 1176 Fabulam:
693 1115 802 1174 ‘Edita
814 1125 860 1174 eat
872 1123 977 1193 quarto
991 1113 1057 1174 loco
1071 1113 1113 1174 M.
1131 1115 1248 1175 Valerio
1261 1128 1292 1177 et
1304 1119 1339 1177 C.

252 1213 366 1274 Fannio
389 1215 487 1274 Cosa!
526 1213 600 1274 Poet
621 1213 826 1272 Phormionem
850 1211 952 1290 quinte
972 1221 1019 1272 ert
1039 1209 1120 1271 edita
1143 1212 1339 1285 Eunuchus,

250 1310 355 1370 anem
370 1311 457 1370 co...
471 1310 575 1370 ostem
591 1307 752 1376 martina„
774 1307 865 1367 nane·
881 1305 1211 1381 inuoluendum
1230 1309 1339 1370 nonan
1461 1275 1462 1354 ἶ

252 1405 430 1467 Proeietione
442 1407 472 1465 in
486 1407 563 1468 hanc
578 1405 739 1466 Fabulam:
762 1423 840 1464 anno
855 1402 989 1462 nimirum
1003 1403 1040 1462 ab
1055 1403 1093 1462 U.
1109 1401 1145 1462 C.
1160 1405 1229 1465 593.

293 1503 344 1564 Bia
358 1503 462 1565 eodem
478 1503 525 1564 die
540 1503 684 1584 producta
698 1503 727 1562 in
742 1521 872 1574 ananam,
894 1499 1010 1560 tertium
1024 1499 1152 1579 denique
1166 1513 1254 1562 eota:
1275 1521 1339 1584 pre·

251 1601 324 1660 tium
338 1613 406 1662 octo
420 1600 545 1662 millibus
560 1599 725 1660 sestertium
740 1608 923 1658 numeratum
937 1606 984 1656 ent
997 1595 1110 1656 Poetae.

292 1697 461 1756 Aonnrrrm
475 1705 560 1756 sexta
573 1707 619 1756 est
634 1693 787 1754 Comoedia
800 1713 819 1753 a
830 1692 968 1752 Terentio
986 1691 1075 1766 facta,
1097 1711 1191 1772 eaque
1204 1693 1284 1755 edita
1297 1705 1341 1756 eat

253 1793 344 1852 Lucio
365 1793 480 1866 Anicio,
503 1794 546 1852 M.
572 1791 710 1854 Cornelio
735 1791 822 1850 Cone.
844 1789 901 1850 boo
923 1799 979 1862 ent,
1003 1809 1081 1850 anno
1103 1793 1141 1850 ab
1164 1791 1203 1852 U.
1217 1791 1255 1852 C.
1272 1795 1340 1854 594.

252 1887 344 1948 Ludis
358 1889 527 1950 funebribus
542 1889 574 1948 L.
591 1889 698 1948 AEmilii
713 1888 809 1960 Pauli,
832 1899 867 1947 ut
888 1887 978 1947 baben
1002 1886 1032 1945 in
1057 1885 1246 1948 Didascaliis.
1288 1890 1342 1950 lin·

253 1985 321 2043 dem
346 1985 436 2044 Ludis
458 1985 629 2044 funebribus
651 1983 744 2044 relata
770 1983 897 2063 Hecyra,
920 1981 974 2042 red
998 2001 1057 2042 non
1072 1981 1193 2062 placuit,
1208 1987 1342 2046 utentia

253 2079 444 2141 Didascaliie.
485 2081 571 2140 Prius
586 2091 684 2141 tamen
699 2080 729 2140 in
744 2099 862 2140 coenam
877 2078 1022 2158 producta
1034 2089 1082 2139 ent
1102 2080 1230 2160 Hecyra,
1255 2101 1342 2160 quam

253 2175 410 2255 Adelpboe,
434 2185 469 2236 ut
491 2177 599 2256 colligo
624 2197 661 2236 ex
685 2177 814 2248 Donato,
839 2177 890 2256 qui
912 2175 1000 2235 dicit:
1023 2175 1165 2236 ‘Factam
1186 2189 1216 2236 et
1234 2177 1343 2237 editam

252 2273 356 2348 quinto
370 2272 458 2332 loco!
499 2273 590 2346 Male,
610 2283 644 2332 ut
657 2271 840 2340 audivimua;
860 2271 917 2330 nini
936 2269 1057 2350 perinde
1070 2269 1207 2331 habuerit
1220 2272 1344 2351 primam

252 2364 330 2426 illius
344 2366 513 2441 editionem,
533 2368 590 2427 Cn.
607 2367 741 2440 Octavio,
755 2367 790 2427 T.
805 2366 917 2426 Manlio
932 2367 1018 2426 Coae.
1033 2367 1118 2445 quasi
1130 2367 1251 2428 omnino
1264 2369 1344 2430 edita

252 2481 313 2520 non
327 2473 416 2536 esset,
430 2483 497 2524 oum
510 2483 606 2543 neque
622 2473 765 2542 spectate,
780 2481 875 2542 neque
897 2473 965 2522 eota
988 2473 1059 2522 tuno
1083 2463 1141 2530 rit;
1163 2481 1259 2542 neque
1282 2475 1344 2526 tum

252 2557 423 2618 maledices
444 2561 567 2638 ‘quinto
582 2559 669 2632 loco,'
688 2579 756 2620 curn
779 2559 924 2638 producta
946 2569 993 2619 ent
1013 2559 1059 2618 hia
1081 2557 1159 2618 ludin
1173 2558 1343 2622 funebribus

253 2653 361 2714 AEmilii
384 2655 470 2714 Pauli
492 2667 561 2715 ante
575 2656 730 2735 Adelpboe.
771 2657 869 2726 Quare
884 2655 1049 2716 audiendur
1064 2673 1122 2714 non
1137 2663 1184 2714 ert
1197 2655 1344 2730 Donatus,

253 2749 303 2828 qui
318 2769 383 2810 earn
397 2757 406 2786 ‘
418 2751 550 2812 necundo
564 2753 630 2813 loeo
643 2764 740 2812 actam
754 2752 835 2822 dicit,
848 2753 934 2812 etiam
946 2763 1008 2811 turn
1020 2750 1084 2810 rudi
1094 2749 1212 2810 nornine
1225 2751 1342 2822 Poetae:

251 2845 350 2923 itaque
365 2845 407 2906 aio
422 2849 640 2926 pronuntiatum
654 2847 799 2928 Adelphoe
814 2847 952 2919 Terentii,
971 2866 1031 2906 non
1045 2845 1173 2906 Terentii
1186 2847 1343 2928 Adelphoe.

253 2938 342 3006 Quod
363 2940 460 3001 adbuc
484 2941 522 3002 de
545 2942 664 3002 Fabulm
686 2944 780 3022 magis
804 2944 919 3002 nomine
943 2941 1046 3015 Poiita,
1066 2961 1154 3021 quam
1179 2943 1217 3004 de
1242 2945 1344 3006 Poetae

253 3037 372 3095 nomine
392 3037 506 3096 Fabula
519 3038 794 3099 commendaretur!
836 3039 911 3108 Qum
933 3040 1024 3099 iutilia
1045 3041 1259 3118 argumentatio
1280 3053 1343 3103 eat:

253 3151 322 3192 nam
337 3132 419 3191 nulla
434 3133 610 3194 Tabularum
624 3134 749 3195 Terentii
763 3135 952 3214 pronuntiata
965 3147 1010 3195 est
1023 3135 1202 3208 Tannnru,
1219 3137 1343 3217 exempli

253 3228 358 3307 gratia,
390 3227 560 3301 Pnonuro,
594 3231 1014 3303 Hanurorrrrnronnnnnos,
1042 3241 1200 3312 antequam
1227 3233 1344 3294 tertium

252 3321 423 3383 edoceretur
447 3324 618 3387 Eunuchus.
667 3327 761 3408 quue
785 3330 922 3389 observat
949 3329 1085 3388 Donatus
1110 3326 1289 3390 Prmiatione
1313 3331 1343 3390 in

254 3421 439 3496 Eunuchum,
460 3424 577 3486 tertium
591 3425 699 3488 editam
713 3426 803 3488 luisse
818 3439 887 3506 pont
900 3425 1100 3506 Adelphorum
1113 3425 1284 3488 editionem.

369 3803 578 3872 JOANNIS
608 3806 915 3875 THEODORICI
946 3807 1219 3876 BELLOVACI

508 3937 691 3990 uonrtnunr
714 3939 938 3992 conttconunt
959 3943 1078 3993 atrro.

253 4063 325 4121 Nou
341 4076 387 4124 est
401 4063 438 4126 de
451 4067 552 4142 nihilo,
568 4070 647 4148 quod
661 4073 757 4152 politae
768 4074 881 4134 Comici
894 4085 946 4134 aut
959 4075 1023 4134 haec
1035 4083 1087 4134 aut
1100 4072 1152 4132 ille
1165 4071 1287 4132 nomina
1299 4068 1345 4127 in·

251 4157 387 4219 diderunt
410 4181 527 4224 auarum
548 4168 683 4246 personia
704 4169 879 4232 fabularum.
922 4171 1019 4250 Hujus
1041 4171 1082 4230 roi
1098 4166 1279 4249 amplissime
1292 4163 1344 4224 tihi
