2958 4892
352 384 400 431 nu
424 380 593 430 errrore
616 377 737 428 nunni
761 377 1011 428 rnnnnrrnnr.
1168 363 1233 430 199

216 524 263 586 Ne
276 524 335 586 boc
348 524 466 605 quidem
480 523 589 586 tacebit
603 521 759 582 Parmeno.
801 521 850 580 Oh
865 520 1025 584 dubiumne
1038 519 1069 579 id
1084 519 1153 580 esti

217 623 256 699 Et
269 622 356 682 simul
372 622 525 681 conficiam
539 619 655 680 facilius
669 636 727 698 ego
740 617 822 697 quod
837 618 913 680 eolo.

216 717 333 778 Praesto
344 717 424 798 apud
437 737 484 776 me
498 735 565 779 esse
580 717 681 775 aiunt:
702 723 820 793 egomet
829 713 973 775 convivas
988 733 1096 774 moror.

214 815 326 874 Tamen
341 813 390 873 rix
402 813 531 872 humane
545 812 664 891 patitur,
677 829 778 870 verum
793 809 818 869 si
833 829 967 889 augeam.

137 935 272 994 Muretus
286 932 416 1012 quidem,
429 942 462 991 ut
475 932 553 992 hanc
568 929 717 990 licentiam
731 927 865 1009 effugiat,
879 928 969 1010 legit:
991 930 1095 990 Tamen
1110 929 1233 998 humone

136 1033 184 1090 uia
203 1031 407 1108 potitnr—
421 1027 474 1087 sed
488 1027 516 1084 in
532 1025 622 1084 nullis
638 1024 714 1084 Mes.
728 1025 770 1084 ita
784 1023 903 1104 legitur,
925 1045 1020 1103 neque
1034 1025 1138 1084 Latine
1152 1025 1233 1086 vide·

136 1137 183 1185 tur
197 1145 233 1184 ee
245 1124 400 1184 verborum
414 1121 579 1182 collocatio.
624 1120 662 1178 Et
680 1128 760 1179 certe
781 1138 951 1199 quanquam
975 1118 1144 1198 frequentes
1167 1118 1233 1180 istae

138 1220 196 1280 sive
211 1219 381 1280 collisiones
396 1219 458 1279 sive
472 1217 612 1278 elisiones
627 1215 807 1295 syllabarum
823 1215 937 1275 illorum
961 1213 1081 1274 oucibus
1106 1213 1233 1274 insolitoe

137 1316 303 1389 rideantur,
323 1316 374 1394 qui
395 1315 495 1374 omnia
516 1312 555 1373 ad
569 1312 738 1390 Augustani
760 1311 815 1370 reri
839 1329 971 1372 normam
985 1309 1103 1388 exigere
1118 1309 1233 1376 solent:

138 1430 193 1470 non
207 1410 347 1472 absurda:
357 1419 455 1470 tamen
467 1409 503 1468 iis
514 1407 702 1478 uidebuntur,
713 1405 764 1484 qui
776 1404 822 1464 vel
835 1404 962 1464 Enniani
976 1403 1079 1465 soeculi
1093 1401 1234 1482 reliquias

137 1505 251 1585 legunt,
270 1505 317 1566 vel
339 1506 510 1585 popularem
534 1499 676 1582 loquendi
697 1519 818 1574 morem,
839 1520 926 1580 quern
951 1518 1041 1581 supra
1061 1498 1235 1558 memoraui-

137 1621 211 1677 mus,
225 1602 318 1682 paulo
332 1603 473 1663 attentius
488 1599 697 1662 considerent:
718 1617 774 1658 nec
788 1597 915 1658 fortasse
930 1596 1122 1664 mirabuntur,
1137 1593 1163 1654 si
1174 1593 1234 1676 pri·

138 1717 211 1758 mam
228 1697 373 1779 syllabam
388 1699 429 1772 in,
444 1698 505 1769 ille,
520 1697 593 1777 ipse,
608 1696 675 1768 iste,
688 1698 745 1756 duc.
765 1693 813 1754 vel
836 1692 968 1752 ultimam
990 1691 1031 1762 in,
1054 1688 1132 1762 vide,
1152 1707 1235 1762 cave,

133 1794 214 1872 jube,
229 1793 322 1866 domi,
335 1794 408 1866 heri,
420 1798 476 1856 dcc.
500 1811 580 1872 soepe
594 1802 759 1870 correptam
771 1787 903 1850 videant.
945 1787 993 1847 Ob
1009 1784 1133 1846 eandem
1147 1779 1235 1846 etiam

137 1892 280 1951 rationem
295 1909 375 1970 soepe
389 1890 451 1951 lieri
466 1889 543 1948 solet
556 1897 600 1962 ut,
614 1886 673 1958 Dii,
692 1885 785 1956 Deos,
800 1883 851 1956 ait,
866 1883 939 1954 scio,
951 1881 1032 1956 mibi,
1047 1899 1140 1952 meus,
1155 1893 1235 1952 tous,

140 2006 208 2047 suus
222 1991 459 2066 (nonnunquam,
475 1984 526 2046 tibi
539 1993 570 2044 et
584 1982 650 2054 sibi,
672 1991 707 2040 nt
727 1988 814 2059 putat
832 1979 978 2054 Faernus)
1000 1977 1030 2036 in
1044 1995 1134 2036 unam
1146 1975 1236 2056 sylla·

139 2083 204 2142 barn
216 2081 442 2154 contrahuntur,
456 2087 509 2140 aut
521 2099 589 2152 vox,
603 2077 677 2153 jam,
692 2076 722 2134 in
738 2073 813 2134 duas
826 2073 1012 2134 extendatur.
1053 2073 1088 2132 ln
1102 2072 1235 2142 vocibus,

139 2179 210 2259 ejus,
225 2179 327 2258 hujus,
341 2177 436 2256 cujus,
455 2185 525 2236 sunt
541 2175 592 2255 qui
610 2173 733 2253 primam
756 2167 901 2250 syllabam
922 2165 1147 2248 corripiendam,
1171 2175 1201 2226 et
1220 2185 1235 2225 s

139 2277 225 2338 finale
240 2277 271 2336 in
286 2275 417 2338 secunda
430 2272 610 2344 elidendum,
630 2277 699 2328 ante
722 2284 895 2340 consonam,
917 2282 996 2324 more
1017 2263 1152 2341 antiquo,
1166 2279 1236 2322 cen·

140 2386 221 2434 sent:
243 2391 369 2454 qnorum
394 2371 570 2432 seutentiam
593 2367 649 2427 etsi
672 2384 732 2424 non
753 2381 873 2444 prorsus
895 2361 1104 2440 improbamus,
1129 2356 1235 2418 melius

140 2480 236 2530 tamen
251 2470 347 2530 versui
361 2467 476 2529 consuli
497 2483 586 2544 posse
610 2479 777 2532 censemus,
799 2458 824 2519 si
838 2477 883 2518 eae
897 2474 985 2516 voces
999 2453 1030 2514 in
1043 2471 1132 2512 unam
1146 2451 1237 2532 sylla·

141 2567 204 2627 bam
218 2567 296 2626 inter
309 2559 558 2646 pronuntiandum
573 2556 795 2625 contrahantur,
816 2553 891 2614 adeo
906 2562 939 2612 ut
952 2549 1057 2612 eodem
1072 2549 1132 2610 sere
1146 2547 1236 2608 modo

139 2663 325 2742 proterantur
337 2679 397 2740 quo
411 2657 491 2738 apud
506 2654 633 2734 Anglos,
645 2651 692 2712 bis
707 2661 738 2712 et
751 2650 872 2710 whose:
893 2657 944 2708 ut:

179 2761 210 2821 Si
223 2759 310 2819 illum
323 2757 467 2836 relinquo,
485 2751 550 2832 ejus
564 2752 632 2810 vitae
646 2749 755 2818 timeo:
776 2746 822 2804 sin
837 2743 975 2824 opitulor,
988 2740 1076 2819 hujus
1090 2740 1195 2798 minas.

141 2855 374 2936 interjectiones,
390 2849 510 2933 jurandi
535 2846 684 2915 adverbia,
707 2855 848 2902 atroces
871 2837 1001 2908 fictitias,
1024 2854 1078 2916 pro
1096 2833 1179 2894 libitu
1194 2835 1239 2894 lo·

142 2953 259 3031 quentis
273 2951 321 3010 vel
333 2947 456 3030 produci
471 2947 517 3006 vel
531 2941 649 3021 corripi,
660 2941 725 3021 ipsa
735 2937 856 2998 connium
870 2933 1028 2996 locutionis
1043 2929 1117 2991 ratio
1132 2928 1240 2989 suadet

141 3063 173 3108 ut
187 3046 326 3113 credam:
348 3062 444 3122 neque
466 3059 542 3120 opus
563 3057 640 3109 esse,
662 3046 696 3095 ut
713 3052 767 3114 pro
786 3039 819 3094 ot
833 3039 867 3092 ot
887 3029 1030 3090 scribetur
1043 3033 1074 3087 nt
1087 3033 1120 3085 nt
1133 3032 1176 3096 at,
1191 3027 1239 3086 vel

141 3145 219 3224 oepol
231 3163 285 3224 pro
300 3141 408 3221 edepol,
429 3157 496 3219 qum
512 3155 568 3197 uox
584 3153 664 3214 saepe
681 3131 803 3212 primam
817 3125 935 3207 corripit
949 3122 1028 3206 apud
1042 3123 1122 3182 bunc
1135 3131 1239 3182 auoto-

141 3261 211 3301 rem.
254 3238 351 3298 Nemo
376 3255 436 3296 non
462 3235 600 3295 observat
623 3245 711 3289 voces
735 3245 802 3287 esse
826 3222 970 3305 quasdam
999 3241 1067 3300 qnae
1091 3217 1238 3278 diversam

141 3338 337 3418 quantitatem
351 3331 432 3414 apud
445 3331 570 3392 diversae
584 3325 681 3388 seratis
696 3325 852 3404 scriptores
866 3321 996 3380 habent:
1018 3317 1061 3376 sic
1081 3333 1149 3387 uox,
1172 3332 1238 3373 sus·

140 3436 228 3514 picio,
245 3441 351 3493 contra
363 3445 530 3491 mensuram
544 3423 726 3494 hodiernam,
740 3421 912 3500 plerumque
925 3414 1005 3496 apud
1020 3421 1152 3472 nostrum
1167 3425 1239 3468 suc·

141 3543 233 3591 torem
248 3525 411 3589 secundam
426 3523 571 3604 syllabam
585 3517 743 3598 producit:
764 3515 845 3597 quod
859 3533 896 3574 ne
910 3513 1003 3583 lieret,
1025 3507 1185 3566 Goveanus
1208 3505 1238 3562 in

140 3628 205 3706 ejus
229 3627 328 3686 locum
350 3621 482 3700 reposuit
506 3617 670 3698 suspectio,-
691 3609 744 3673 sed
768 3613 831 3672 sine
857 3609 982 3678 ratione,
1003 3621 1070 3664 cum
1085 3600 1163 3660 idem
1177 3595 1239 3657 fieri

140 3723 244 3784 rideas
259 3718 339 3802 apud
356 3717 516 3776 Plautum:

231 3847 238 3852 ’
263 3849 303 3908 Et
317 3868 355 3908 ue
369 3847 400 3906 in
414 3841 582 3924 suspicione
595 3847 721 3920 ponatur
733 3832 846 3912 stupri:
868 3827 975 3907 Amph.
991 3845 1015 3886 1.
1030 3827 1059 3883 2.
1074 3825 1124 3881 27.

262 3943 451 4025 Suspiciones
466 3958 568 4001 omnes
583 3938 620 3996 ab
636 3953 668 3995 se
684 3937 841 4010 segreget:
864 3923 946 3985 Asin.
963 3939 1010 3981 ru.
1028 3921 1055 3980 1.
1069 3918 1120 3978 29.

140 4078 179 4139 Et
193 4072 276 4154 apud
291 4071 449 4132 Phaedrum
462 4072 492 4130 iu
506 4065 636 4144 Prologo
650 4063 699 4122 lib.
716 4077 771 4120 ιιι.

267 4183 441 4266 Suspicione
455 4180 547 4260 siquis
561 4174 668 4238 errabit
683 4189 746 4233 sne.
