<?xml version="1.0" encoding="UTF-8"?>
<!DOCTYPE html PUBLIC "-//W3C//DTD XHTML 1.0 Transitional//EN"
    "http://www.w3.org/TR/xhtml1/DTD/xhtml1-transitional.dtd">
<html xmlns="http://www.w3.org/1999/xhtml" xml:lang="en" lang="en">
 <head>
  <title>
</title>
<meta http-equiv="Content-Type" content="text/html;charset=utf-8" />
  <meta name='ocr-system' content='tesseract 3.04.00' />
  <meta name='ocr-capabilities' content='ocr_page ocr_carea ocr_par ocr_line ocrx_word'/>
</head>
<body>
  <div class='ocr_page' id='page_1' title='image "./comoedisex05westgoog_0046.png"; bbox 0 0 3012 4892; ppageno 0'>
   <div class='ocr_carea' id='block_1_1' title="bbox 647 397 955 452">
    <p class='ocr_par' dir='ltr' id='par_1_1' title="bbox 647 397 955 452">
     <span class='ocr_line' id='line_1_1' title="bbox 647 397 955 452; baseline -0.01 0"><span class='ocrx_word' id='word_1_1' title='bbox 647 397 828 452; x_wconf 71' lang='lat' dir='ltr'>uskusun</span> <span class='ocrx_word' id='word_1_2' title='bbox 853 399 955 452; x_wconf 75' lang='lat' dir='ltr'>Vt&#39;t&#39;s.</span> 
     </span>
    </p>
   </div>
   <div class='ocr_carea' id='block_1_2' title="bbox 376 541 1296 807">
    <p class='ocr_par' dir='ltr' id='par_1_2' title="bbox 376 541 1296 807">
     <span class='ocr_line' id='line_1_2' title="bbox 377 541 1081 621; baseline 0.003 -19"><span class='ocrx_word' id='word_1_3' title='bbox 377 543 537 614; x_wconf 85' lang='lat' dir='ltr'>Comico,¹⁹</span> <span class='ocrx_word' id='word_1_4' title='bbox 549 549 584 604; x_wconf 83' lang='lat' dir='ltr'>ut</span> <span class='ocrx_word' id='word_1_5' title='bbox 596 551 715 620; x_wconf 71' lang='lat' dir='ltr'>aequato</span> <span class='ocrx_word' id='word_1_6' title='bbox 728 543 820 604; x_wconf 83' lang='lat' dir='ltr'>virtus</span> <span class='ocrx_word' id='word_1_7' title='bbox 833 541 958 621; x_wconf 84' lang='lat' dir='ltr'>polleret</span> <span class='ocrx_word' id='word_1_8' title='bbox 970 541 1081 604; x_wconf 87' lang='lat' dir='ltr'>bonore</span> 
     </span>
     <span class='ocr_line' id='line_1_3' title="bbox 378 635 1296 716; baseline -0.003 -18"><span class='ocrx_word' id='word_1_9' title='bbox 378 640 454 698; x_wconf 87' lang='lat' dir='ltr'>Cum</span> <span class='ocrx_word' id='word_1_10' title='bbox 468 637 593 709; x_wconf 71' lang='lat' dir='ltr'>Grecis,</span> <span class='ocrx_word' id='word_1_11' title='bbox 606 656 701 716; x_wconf 87' lang='lat' dir='ltr'>neque</span> <span class='ocrx_word' id='word_1_12' title='bbox 715 638 745 698; x_wconf 91' lang='lat' dir='ltr'>in</span> <span class='ocrx_word' id='word_1_13' title='bbox 759 637 815 698; x_wconf 88' lang='lat' dir='ltr'>bac</span> <span class='ocrx_word' id='word_1_14' title='bbox 828 637 1022 716; x_wconf 75' lang='lat' dir='ltr'>despectus²0</span> <span class='ocrx_word' id='word_1_15' title='bbox 1036 647 1118 716; x_wconf 86' lang='lat' dir='ltr'>parte</span> <span class='ocrx_word' id='word_1_16' title='bbox 1125 635 1259 714; x_wconf 81' lang='lat' dir='ltr'>jaceres!</span> <span class='ocrx_word' id='word_1_17' title='bbox 1290 666 1296 678; x_wconf 92' lang='lat'><strong>·</strong></span> 
     </span>
     <span class='ocr_line' id='line_1_4' title="bbox 376 733 1176 807; baseline 0.003 -15"><span class='ocrx_word' id='word_1_18' title='bbox 376 734 474 794; x_wconf 86' lang='lat' dir='ltr'>Unum</span> <span class='ocrx_word' id='word_1_19' title='bbox 487 733 544 794; x_wconf 86' lang='lat' dir='ltr'>hoc</span> <span class='ocrx_word' id='word_1_20' title='bbox 554 751 695 807; x_wconf 69' lang='lat' dir='ltr'>maceror,</span> <span class='ocrx_word' id='word_1_21' title='bbox 709 745 740 795; x_wconf 85' lang='lat' dir='ltr'>et</span> <span class='ocrx_word' id='word_1_22' title='bbox 752 733 841 795; x_wconf 88' lang='lat' dir='ltr'>doleo</span> <span class='ocrx_word' id='word_1_23' title='bbox 854 734 906 794; x_wconf 85' lang='lat' dir='ltr'>tibi</span> <span class='ocrx_word' id='word_1_24' title='bbox 919 733 1035 806; x_wconf 86' lang='lat' dir='ltr'>deesse,</span> <span class='ocrx_word' id='word_1_25' title='bbox 1049 733 1176 794; x_wconf 80' lang='lat' dir='ltr'>Terenti.</span> 
     </span>
    </p>
   </div>
   <div class='ocr_carea' id='block_1_3' title="bbox 256 873 1352 1248">
    <p class='ocr_par' dir='ltr' id='par_1_3' title="bbox 256 873 1352 1248">
     <span class='ocr_line' id='line_1_5' title="bbox 299 873 1352 956; baseline -0.004 -20"><span class='ocrx_word' id='word_1_26' title='bbox 299 877 373 937; x_wconf 77' lang='lat' dir='ltr'>Haec</span> <span class='ocrx_word' id='word_1_27' title='bbox 388 877 546 936; x_wconf 81' lang='lat' dir='ltr'>Suetonius</span> <span class='ocrx_word' id='word_1_28' title='bbox 560 875 758 956; x_wconf 85' lang='lat' dir='ltr'>Tranquillus.</span> <span class='ocrx_word' id='word_1_29' title='bbox 793 875 869 948; x_wconf 83' lang='lat' dir='ltr'>Nam</span> <span class='ocrx_word' id='word_1_30' title='bbox 884 876 960 936; x_wconf 91' lang='lat' dir='ltr'>duos</span> <span class='ocrx_word' id='word_1_31' title='bbox 972 877 1123 936; x_wconf 82' lang='lat' dir='ltr'>Terentius</span> <span class='ocrx_word' id='word_1_32' title='bbox 1137 875 1241 954; x_wconf 72' lang='lat' dir='ltr'>politas</span> <span class='ocrx_word' id='word_1_33' title='bbox 1255 873 1352 932; x_wconf 86' lang='lat' dir='ltr'>inisse</span> 
     </span>
     <span class='ocr_line' id='line_1_6' title="bbox 257 969 1351 1052; baseline -0.005 -18"><span class='ocrx_word' id='word_1_34' title='bbox 257 973 356 1034; x_wconf 87' lang='lat' dir='ltr'>scribit</span> <span class='ocrx_word' id='word_1_35' title='bbox 380 972 500 1046; x_wconf 86' lang='lat' dir='ltr'>Metius,</span> <span class='ocrx_word' id='word_1_36' title='bbox 520 992 644 1052; x_wconf 89' lang='lat' dir='ltr'>quorum</span> <span class='ocrx_word' id='word_1_37' title='bbox 668 971 743 1031; x_wconf 79' lang='lat' dir='ltr'>alter</span> <span class='ocrx_word' id='word_1_38' title='bbox 763 972 955 1052; x_wconf 74' lang='lat' dir='ltr'>Fregellanus</span> <span class='ocrx_word' id='word_1_39' title='bbox 978 973 1064 1032; x_wconf 83' lang='lat' dir='ltr'>fuerit</span> <span class='ocrx_word' id='word_1_40' title='bbox 1087 971 1240 1030; x_wconf 80' lang='lat' dir='ltr'>Terentius</span> <span class='ocrx_word' id='word_1_41' title='bbox 1265 969 1351 1042; x_wconf 86' lang='lat' dir='ltr'>Libo,</span> 
     </span>
     <span class='ocr_line' id='line_1_7' title="bbox 256 1063 1348 1146; baseline -0.004 -20"><span class='ocrx_word' id='word_1_42' title='bbox 256 1067 329 1128; x_wconf 80' lang='lat' dir='ltr'>slter</span> <span class='ocrx_word' id='word_1_43' title='bbox 355 1067 506 1130; x_wconf 88' lang='lat' dir='ltr'>libertinus</span> <span class='ocrx_word' id='word_1_44' title='bbox 531 1067 684 1128; x_wconf 72' lang='lat' dir='ltr'>Terentius</span> <span class='ocrx_word' id='word_1_45' title='bbox 708 1067 908 1146; x_wconf 67' lang='lat' dir='ltr'>stupacio,</span> <span class='ocrx_word' id='word_1_46' title='bbox 939 1066 976 1127; x_wconf 91' lang='lat' dir='ltr'>de</span> <span class='ocrx_word' id='word_1_47' title='bbox 1002 1085 1061 1146; x_wconf 90' lang='lat' dir='ltr'>quo</span> <span class='ocrx_word' id='word_1_48' title='bbox 1085 1084 1164 1124; x_wconf 90' lang='lat' dir='ltr'>nunc</span> <span class='ocrx_word' id='word_1_49' title='bbox 1187 1063 1348 1142; x_wconf 86' lang='lat' dir='ltr'>loquimur.</span> 
     </span>
     <span class='ocr_line' id='line_1_8' title="bbox 257 1159 1310 1248; baseline -0.005 -27"><span class='ocrx_word' id='word_1_50' title='bbox 257 1163 400 1244; x_wconf 83' lang='lat' dir='ltr'>Scipionis</span> <span class='ocrx_word' id='word_1_51' title='bbox 416 1163 543 1224; x_wconf 80' lang='lat' dir='ltr'>Fabulae</span> <span class='ocrx_word' id='word_1_52' title='bbox 557 1162 684 1223; x_wconf 79' lang='lat' dir='ltr'>edidisse</span> <span class='ocrx_word' id='word_1_53' title='bbox 697 1162 877 1236; x_wconf 89' lang='lat' dir='ltr'>Terentium,</span> <span class='ocrx_word' id='word_1_54' title='bbox 890 1161 1013 1242; x_wconf 60' lang='lat' dir='ltr'>Valffl&#39;us</span> <span class='ocrx_word' id='word_1_55' title='bbox 1028 1161 1058 1220; x_wconf 91' lang='lat' dir='ltr'>in</span> <span class='ocrx_word' id='word_1_56' title='bbox 1072 1163 1213 1222; x_wconf 72' lang='lat' dir='ltr'>Actaeone</span> <span class='ocrx_word' id='word_1_57' title='bbox 1227 1159 1286 1218; x_wconf 88' lang='lat' dir='ltr'>ait:</span> <span class='ocrx_word' id='word_1_58' title='bbox 1305 1239 1310 1248; x_wconf 23' lang='grc' dir='ltr'>ι</span> 
     </span>
    </p>
   </div>
   <div class='ocr_carea' id='block_1_4' title="bbox 376 1303 1130 1560">
    <p class='ocr_par' dir='ltr' id='par_1_4' title="bbox 376 1303 1130 1560">
     <span class='ocr_line' id='line_1_9' title="bbox 377 1303 1061 1386; baseline -0.006 -20"><span class='ocrx_word' id='word_1_59' title='bbox 377 1307 445 1374; x_wconf 80' lang='lat' dir='ltr'>Hae.</span> <span class='ocrx_word' id='word_1_60' title='bbox 458 1327 526 1386; x_wconf 81' lang='lat' dir='ltr'>qum</span> <span class='ocrx_word' id='word_1_61' title='bbox 539 1317 683 1366; x_wconf 80' lang='lat' dir='ltr'>vocantur</span> <span class='ocrx_word' id='word_1_62' title='bbox 697 1304 830 1377; x_wconf 72' lang='lat' dir='ltr'>Fabulae,</span> <span class='ocrx_word' id='word_1_63' title='bbox 845 1305 921 1384; x_wconf 78' lang='lat' dir='ltr'>cujae</span> <span class='ocrx_word' id='word_1_64' title='bbox 935 1313 1005 1364; x_wconf 85' lang='lat' dir='ltr'>sunt</span> <span class='ocrx_word' id='word_1_65' title='bbox 1014 1303 1027 1362; x_wconf 80' lang='lat' dir='ltr'>i</span> <span class='ocrx_word' id='word_1_66' title='bbox 1037 1304 1061 1334; x_wconf 82' lang='lat'>²¹</span> 
     </span>
     <span class='ocr_line' id='line_1_10' title="bbox 376 1399 1130 1482; baseline -0.001 -22"><span class='ocrx_word' id='word_1_67' title='bbox 376 1403 445 1461; x_wconf 91' lang='lat' dir='ltr'>Non</span> <span class='ocrx_word' id='word_1_68' title='bbox 458 1402 524 1474; x_wconf 84' lang='lat' dir='ltr'>hus,</span> <span class='ocrx_word' id='word_1_69' title='bbox 537 1402 587 1480; x_wconf 89' lang='lat' dir='ltr'>qui</span> <span class='ocrx_word' id='word_1_70' title='bbox 597 1401 666 1480; x_wconf 82' lang='lat' dir='ltr'>jura</span> <span class='ocrx_word' id='word_1_71' title='bbox 679 1401 808 1482; x_wconf 91' lang='lat' dir='ltr'>populis,</span> <span class='ocrx_word' id='word_1_72' title='bbox 822 1401 891 1460; x_wconf 90' lang='lat' dir='ltr'>end&#39;</span> <span class='ocrx_word' id='word_1_73' title='bbox 904 1403 969 1460; x_wconf 90' lang='lat' dir='ltr'>ibus</span> <span class='ocrx_word' id='word_1_74' title='bbox 983 1399 1130 1460; x_wconf 79' lang='lat' dir='ltr'>dubat&#39;²²</span> 
     </span>
     <span class='ocr_line' id='line_1_11' title="bbox 377 1495 998 1560; baseline -0.002 -4"><span class='ocrx_word' id='word_1_75' title='bbox 377 1499 498 1557; x_wconf 85' lang='lat' dir='ltr'>Honore</span> <span class='ocrx_word' id='word_1_76' title='bbox 512 1517 626 1558; x_wconf 88' lang='lat' dir='ltr'>summo</span> <span class='ocrx_word' id='word_1_77' title='bbox 638 1497 763 1558; x_wconf 84' lang='lat' dir='ltr'>effectus</span> <span class='ocrx_word' id='word_1_78' title='bbox 778 1497 847 1560; x_wconf 85' lang='lat' dir='ltr'>fecit</span> <span class='ocrx_word' id='word_1_79' title='bbox 861 1495 998 1556; x_wconf 85' lang='lat' dir='ltr'>Fabulas.</span> 
     </span>
    </p>
   </div>
   <div class='ocr_carea' id='block_1_5' title="bbox 256 1643 1349 1996">
    <p class='ocr_par' dir='ltr' id='par_1_5' title="bbox 256 1643 1349 1996">
     <span class='ocr_line' id='line_1_12' title="bbox 297 1643 1347 1730; baseline -0.006 -20"><span class='ocrx_word' id='word_1_80' title='bbox 297 1650 374 1710; x_wconf 79' lang='lat' dir='ltr'>Duce</span> <span class='ocrx_word' id='word_1_81' title='bbox 387 1651 425 1710; x_wconf 86' lang='lat' dir='ltr'>ab</span> <span class='ocrx_word' id='word_1_82' title='bbox 440 1649 621 1730; x_wconf 81' lang='lat' dir='ltr'>Apollodoro</span> <span class='ocrx_word' id='word_1_83' title='bbox 635 1650 787 1710; x_wconf 81' lang='lat' dir='ltr'>translatae</span> <span class='ocrx_word' id='word_1_84' title='bbox 798 1669 864 1710; x_wconf 85' lang='lat' dir='ltr'>esse</span> <span class='ocrx_word' id='word_1_85' title='bbox 878 1649 1016 1710; x_wconf 88' lang='lat' dir='ltr'>dicuntur</span> <span class='ocrx_word' id='word_1_86' title='bbox 1028 1647 1153 1719; x_wconf 89' lang='lat' dir='ltr'>comico,</span> <span class='ocrx_word' id='word_1_87' title='bbox 1167 1643 1347 1704; x_wconf 83' lang='lat' dir='ltr'>Phormiost</span> 
     </span>
     <span class='ocr_line' id='line_1_13' title="bbox 256 1744 1348 1825; baseline -0.007 -19"><span class='ocrx_word' id='word_1_88' title='bbox 256 1745 390 1825; x_wconf 83' lang='lat' dir='ltr'>Hecyra:</span> <span class='ocrx_word' id='word_1_89' title='bbox 405 1756 531 1824; x_wconf 88' lang='lat' dir='ltr'>quatuor</span> <span class='ocrx_word' id='word_1_90' title='bbox 543 1744 665 1823; x_wconf 72' lang='lat' dir='ltr'>reliqum</span> <span class='ocrx_word' id='word_1_91' title='bbox 679 1763 697 1804; x_wconf 90' lang='lat' dir='ltr'>a</span> <span class='ocrx_word' id='word_1_92' title='bbox 711 1744 894 1806; x_wconf 83' lang='lat' dir='ltr'>Menandro:</span> <span class='ocrx_word' id='word_1_93' title='bbox 909 1744 1066 1824; x_wconf 85' lang='lat' dir='ltr'>exquibus</span> <span class='ocrx_word' id='word_1_94' title='bbox 1081 1758 1190 1821; x_wconf 77' lang='lat' dir='ltr'>magno</span> <span class='ocrx_word' id='word_1_95' title='bbox 1205 1759 1348 1800; x_wconf 85' lang='lat' dir='ltr'>successu</span> 
     </span>
     <span class='ocr_line' id='line_1_14' title="bbox 256 1837 1349 1920; baseline -0.006 -20"><span class='ocrx_word' id='word_1_96' title='bbox 256 1851 287 1901; x_wconf 86' lang='lat' dir='ltr'>et</span> <span class='ocrx_word' id='word_1_97' title='bbox 298 1841 392 1920; x_wconf 82' lang='lat' dir='ltr'>pretio</span> <span class='ocrx_word' id='word_1_98' title='bbox 405 1841 487 1901; x_wconf 84' lang='lat' dir='ltr'>stetit</span> <span class='ocrx_word' id='word_1_99' title='bbox 501 1839 661 1899; x_wconf 84' lang='lat' dir='ltr'>Eunuchus</span> <span class='ocrx_word' id='word_1_100' title='bbox 675 1840 794 1899; x_wconf 80' lang='lat' dir='ltr'>fabula:</span> <span class='ocrx_word' id='word_1_101' title='bbox 816 1841 945 1920; x_wconf 80' lang='lat' dir='ltr'>Hecyra,</span> <span class='ocrx_word' id='word_1_102' title='bbox 967 1859 1046 1920; x_wconf 75' lang='lat' dir='ltr'>sepe</span> <span class='ocrx_word' id='word_1_103' title='bbox 1067 1839 1198 1910; x_wconf 87' lang='lat' dir='ltr'>exclusa,</span> <span class='ocrx_word' id='word_1_104' title='bbox 1219 1837 1267 1895; x_wconf 83' lang='lat' dir='ltr'>vix</span> <span class='ocrx_word' id='word_1_105' title='bbox 1281 1845 1349 1894; x_wconf 84' lang='lat' dir='ltr'>acta</span> 
     </span>
     <span class='ocr_line' id='line_1_15' title="bbox 256 1945 312 1996; baseline 0 0"><span class='ocrx_word' id='word_1_106' title='bbox 256 1945 312 1996; x_wconf 79' lang='lat' dir='ltr'>est.</span> 
     </span>
    </p>
   </div>
   <div class='ocr_carea' id='block_1_6' title="bbox 537 2163 1067 2246">
    <p class='ocr_par' dir='ltr' id='par_1_6' title="bbox 537 2163 1067 2246">
     <span class='ocr_line' id='line_1_16' title="bbox 537 2163 1067 2246; baseline -0.004 -10"><span class='ocrx_word' id='word_1_107' title='bbox 537 2165 646 2236; x_wconf 85' lang='lat' dir='ltr'>PUB.</span> <span class='ocrx_word' id='word_1_108' title='bbox 674 2167 908 2236; x_wconf 78' lang='lat' dir='ltr'>TERENTII</span> <span class='ocrx_word' id='word_1_109' title='bbox 935 2163 1067 2246; x_wconf 82' lang='lat' dir='ltr'><strong>VITA,</strong></span> 
     </span>
    </p>
   </div>
   <div class='ocr_carea' id='block_1_7' title="bbox 414 2335 1193 2514">
    <p class='ocr_par' dir='ltr' id='par_1_7' title="bbox 414 2335 1193 2514">
     <span class='ocr_line' id='line_1_17' title="bbox 414 2335 1193 2384; baseline -0.013 0"><span class='ocrx_word' id='word_1_110' title='bbox 414 2335 508 2384; x_wconf 69' lang='lat' dir='ltr'>Quen</span> <span class='ocrx_word' id='word_1_111' title='bbox 531 2337 550 2377; x_wconf 79' lang='lat' dir='ltr'>n</span> <span class='ocrx_word' id='word_1_112' title='bbox 572 2335 691 2380; x_wconf 78' lang='lat' dir='ltr'>conice</span> <span class='ocrx_word' id='word_1_113' title='bbox 714 2339 767 2380; x_wconf 81' lang='lat' dir='ltr'>sss.</span> <span class='ocrx_word' id='word_1_114' title='bbox 790 2337 975 2380; x_wconf 80' lang='lat' dir='ltr'>oxoniensi</span> <span class='ocrx_word' id='word_1_115' title='bbox 999 2335 1193 2378; x_wconf 80' lang='lat' dir='ltr'>neccaresrr</span> 
     </span>
     <span class='ocr_line' id='line_1_18' title="bbox 635 2459 969 2514; baseline 0 -2"><span class='ocrx_word' id='word_1_116' title='bbox 635 2462 719 2512; x_wconf 80' lang='lat' dir='ltr'>ABR.</span> <span class='ocrx_word' id='word_1_117' title='bbox 744 2459 969 2514; x_wconf 74' lang='lat' dir='ltr'>GRONOVIUS.</span> 
     </span>
    </p>
   </div>
   <div class='ocr_carea' id='block_1_8' title="bbox 256 2581 1349 2762">
    <p class='ocr_par' dir='ltr' id='par_1_8' title="bbox 256 2581 1349 2762">
     <span class='ocr_line' id='line_1_19' title="bbox 257 2581 1347 2666; baseline -0.003 -21"><span class='ocrx_word' id='word_1_118' title='bbox 257 2586 408 2648; x_wconf 82' lang='lat' dir='ltr'>Cossrcns</span> <span class='ocrx_word' id='word_1_119' title='bbox 424 2605 531 2666; x_wconf 86' lang='lat' dir='ltr'>genere</span> <span class='ocrx_word' id='word_1_120' title='bbox 546 2587 665 2666; x_wconf 89' lang='lat' dir='ltr'>quidem</span> <span class='ocrx_word' id='word_1_121' title='bbox 679 2589 775 2649; x_wconf 83' lang='lat' dir='ltr'>extitit</span> <span class='ocrx_word' id='word_1_122' title='bbox 788 2589 870 2661; x_wconf 83' lang='lat' dir='ltr'>Aler,</span> <span class='ocrx_word' id='word_1_123' title='bbox 891 2589 963 2648; x_wconf 89' lang='lat' dir='ltr'>civis</span> <span class='ocrx_word' id='word_1_124' title='bbox 984 2607 1054 2649; x_wconf 82' lang='lat' dir='ltr'>vero</span> <span class='ocrx_word' id='word_1_125' title='bbox 1074 2581 1326 2663; x_wconf 81' lang='lat' dir='ltr'>Carthaginiensis</span> <span class='ocrx_word' id='word_1_126' title='bbox 1339 2593 1347 2642; x_wconf 78' lang='lat' dir='ltr'>t</span> 
     </span>
     <span class='ocr_line' id='line_1_20' title="bbox 256 2675 1349 2762; baseline -0.005 -21"><span class='ocrx_word' id='word_1_127' title='bbox 256 2681 394 2760; x_wconf 83' lang='lat' dir='ltr'>Scipione</span> <span class='ocrx_word' id='word_1_128' title='bbox 408 2691 505 2741; x_wconf 80' lang='lat' dir='ltr'>autem</span> <span class='ocrx_word' id='word_1_129' title='bbox 526 2693 672 2742; x_wconf 82' lang='lat' dir='ltr'>remeante</span> <span class='ocrx_word' id='word_1_130' title='bbox 694 2683 805 2743; x_wconf 83' lang='lat' dir='ltr'>victore</span> <span class='ocrx_word' id='word_1_131' title='bbox 827 2679 1022 2762; x_wconf 75' lang='lat' dir='ltr'>Carthagine¹</span> <span class='ocrx_word' id='word_1_132' title='bbox 1039 2682 1076 2742; x_wconf 84' lang='lat' dir='ltr'>ad</span> <span class='ocrx_word' id='word_1_133' title='bbox 1100 2679 1201 2741; x_wconf 90' lang='lat' dir='ltr'>urbem</span> <span class='ocrx_word' id='word_1_134' title='bbox 1224 2675 1349 2736; x_wconf 88' lang='lat' dir='ltr'>Romam</span> 
     </span>
    </p>
   </div>
   <div class='ocr_carea' id='block_1_9' title="bbox 150 2771 1349 2858">
    <p class='ocr_par' dir='ltr' id='par_1_9' title="bbox 150 2771 1349 2858">
     <span class='ocr_line' id='line_1_21' title="bbox 150 2771 1349 2858; baseline -0.011 -16"><span class='ocrx_word' id='word_1_135' title='bbox 150 2783 155 2793; x_wconf 86' lang='lat'><em>&#39;</em></span> <span class='ocrx_word' id='word_1_136' title='bbox 254 2787 324 2857; x_wconf 85' lang='lat' dir='ltr'>post</span> <span class='ocrx_word' id='word_1_137' title='bbox 337 2778 566 2839; x_wconf 85' lang='lat' dir='ltr'>interfectionem</span> <span class='ocrx_word' id='word_1_138' title='bbox 582 2779 769 2851; x_wconf 85' lang='lat' dir='ltr'>Hannibalis,</span> <span class='ocrx_word' id='word_1_139' title='bbox 792 2779 859 2850; x_wconf 81' lang='lat' dir='ltr'>iste,</span> <span class='ocrx_word' id='word_1_140' title='bbox 882 2777 1014 2858; x_wconf 90' lang='lat' dir='ltr'>quicum</span> <span class='ocrx_word' id='word_1_141' title='bbox 1029 2773 1208 2838; x_wconf 82' lang='lat' dir='ltr'>aliismultis</span> <span class='ocrx_word' id='word_1_142' title='bbox 1223 2771 1349 2832; x_wconf 80' lang='lat' dir='ltr'>Cartba-</span> 
     </span>
    </p>
   </div>
   <div class='ocr_carea' id='block_1_10' title="bbox 253 2867 1349 3334">
    <p class='ocr_par' dir='ltr' id='par_1_10' title="bbox 253 2867 1349 3334">
     <span class='ocr_line' id='line_1_22' title="bbox 255 2867 1348 2952; baseline -0.006 -21"><span class='ocrx_word' id='word_1_143' title='bbox 255 2872 437 2952; x_wconf 75' lang='lat' dir='ltr'>giniensibus</span> <span class='ocrx_word' id='word_1_144' title='bbox 462 2873 691 2952; x_wconf 88' lang='lat' dir='ltr'>comprehensus</span> <span class='ocrx_word' id='word_1_145' title='bbox 715 2874 821 2947; x_wconf 84' lang='lat' dir='ltr'>luerat,</span> <span class='ocrx_word' id='word_1_146' title='bbox 849 2885 918 2936; x_wconf 89' lang='lat' dir='ltr'>ante</span> <span class='ocrx_word' id='word_1_147' title='bbox 938 2893 1055 2934; x_wconf 90' lang='lat' dir='ltr'>currum</span> <span class='ocrx_word' id='word_1_148' title='bbox 1081 2869 1224 2950; x_wconf 89' lang='lat' dir='ltr'>Scipionis</span> <span class='ocrx_word' id='word_1_149' title='bbox 1247 2867 1348 2946; x_wconf 77' lang='lat' dir='ltr'>ligetis</span> 
     </span>
     <span class='ocr_line' id='line_1_23' title="bbox 255 2963 1348 3048; baseline -0.005 -22"><span class='ocrx_word' id='word_1_150' title='bbox 255 2977 333 3027; x_wconf 86' lang='lat' dir='ltr'>retro</span> <span class='ocrx_word' id='word_1_151' title='bbox 346 2968 480 3028; x_wconf 79' lang='lat' dir='ltr'>manibus</span> <span class='ocrx_word' id='word_1_152' title='bbox 494 2969 622 3030; x_wconf 87' lang='lat' dir='ltr'>minatus</span> <span class='ocrx_word' id='word_1_153' title='bbox 636 2981 693 3041; x_wconf 86' lang='lat' dir='ltr'>est,</span> <span class='ocrx_word' id='word_1_154' title='bbox 715 2979 749 3028; x_wconf 89' lang='lat' dir='ltr'>nt</span> <span class='ocrx_word' id='word_1_155' title='bbox 768 2971 911 3048; x_wconf 83' lang='lat' dir='ltr'>captivus,</span> <span class='ocrx_word' id='word_1_156' title='bbox 933 2969 986 3030; x_wconf 87' lang='lat' dir='ltr'>sed</span> <span class='ocrx_word' id='word_1_157' title='bbox 1000 2987 1116 3030; x_wconf 91' lang='lat' dir='ltr'>currum</span> <span class='ocrx_word' id='word_1_158' title='bbox 1129 2965 1206 3025; x_wconf 92' lang='lat' dir='ltr'>illius</span> <span class='ocrx_word' id='word_1_159' title='bbox 1221 2963 1348 3044; x_wconf 85' lang='lat' dir='ltr'>pileatus</span> 
     </span>
     <span class='ocr_line' id='line_1_24' title="bbox 254 3057 1347 3145; baseline -0.005 -23"><span class='ocrx_word' id='word_1_160' title='bbox 254 3071 429 3141; x_wconf 89' lang='lat' dir='ltr'>prosecutus</span> <span class='ocrx_word' id='word_1_161' title='bbox 444 3072 490 3122; x_wconf 86' lang='lat' dir='ltr'>est</span> <span class='ocrx_word' id='word_1_162' title='bbox 502 3063 534 3121; x_wconf 93' lang='lat' dir='ltr'>in</span> <span class='ocrx_word' id='word_1_163' title='bbox 548 3065 660 3136; x_wconf 90' lang='lat' dir='ltr'>urbem,</span> <span class='ocrx_word' id='word_1_164' title='bbox 683 3064 765 3142; x_wconf 90' lang='lat' dir='ltr'>quod</span> <span class='ocrx_word' id='word_1_165' title='bbox 779 3075 842 3126; x_wconf 86' lang='lat' dir='ltr'>erat</span> <span class='ocrx_word' id='word_1_166' title='bbox 856 3065 910 3124; x_wconf 70' lang='lat' dir='ltr'>iu²</span> <span class='ocrx_word' id='word_1_167' title='bbox 932 3067 1049 3145; x_wconf 82' lang='lat' dir='ltr'>signum</span> <span class='ocrx_word' id='word_1_168' title='bbox 1065 3061 1218 3123; x_wconf 81' lang='lat' dir='ltr'>libertatis.</span> <span class='ocrx_word' id='word_1_169' title='bbox 1259 3057 1347 3129; x_wconf 86' lang='lat' dir='ltr'>Nem,</span> 
     </span>
     <span class='ocr_line' id='line_1_25' title="bbox 255 3155 1349 3239; baseline -0.003 -24"><span class='ocrx_word' id='word_1_170' title='bbox 255 3157 433 3234; x_wconf 87' lang='lat' dir='ltr'>quicumque</span> <span class='ocrx_word' id='word_1_171' title='bbox 446 3158 628 3235; x_wconf 83' lang='lat' dir='ltr'>captivorum</span> <span class='ocrx_word' id='word_1_172' title='bbox 643 3177 661 3217; x_wconf 88' lang='lat' dir='ltr'>a</span> <span class='ocrx_word' id='word_1_173' title='bbox 675 3157 784 3220; x_wconf 82' lang='lat' dir='ltr'>victore</span> <span class='ocrx_word' id='word_1_174' title='bbox 798 3159 932 3220; x_wconf 79' lang='lat' dir='ltr'>libertate</span> <span class='ocrx_word' id='word_1_175' title='bbox 951 3160 1103 3239; x_wconf 88' lang='lat' dir='ltr'>potiretur,</span> <span class='ocrx_word' id='word_1_176' title='bbox 1123 3156 1229 3235; x_wconf 87' lang='lat' dir='ltr'>pileum</span> <span class='ocrx_word' id='word_1_177' title='bbox 1253 3155 1282 3212; x_wconf 91' lang='lat' dir='ltr'>in</span> <span class='ocrx_word' id='word_1_178' title='bbox 1298 3172 1349 3213; x_wconf 86' lang='lat' dir='ltr'>ca-</span> 
     </span>
     <span class='ocr_line' id='line_1_26' title="bbox 253 3247 1349 3334; baseline -0.004 -24"><span class='ocrx_word' id='word_1_179' title='bbox 253 3251 314 3330; x_wconf 87' lang='lat' dir='ltr'>pite</span> <span class='ocrx_word' id='word_1_180' title='bbox 327 3249 440 3310; x_wconf 86' lang='lat' dir='ltr'>habens</span> <span class='ocrx_word' id='word_1_181' title='bbox 450 3269 566 3311; x_wconf 88' lang='lat' dir='ltr'>currum</span> <span class='ocrx_word' id='word_1_182' title='bbox 579 3251 657 3312; x_wconf 89' lang='lat' dir='ltr'>illius</span> <span class='ocrx_word' id='word_1_183' title='bbox 671 3256 921 3334; x_wconf 68' lang='lat' dir='ltr'>prosequebaturz</span> <span class='ocrx_word' id='word_1_184' title='bbox 942 3265 975 3314; x_wconf 89' lang='lat' dir='ltr'>ut</span> <span class='ocrx_word' id='word_1_185' title='bbox 987 3253 1064 3315; x_wconf 87' lang='lat' dir='ltr'>enim</span> <span class='ocrx_word' id='word_1_186' title='bbox 1079 3271 1098 3312; x_wconf 87' lang='lat' dir='ltr'>a</span> <span class='ocrx_word' id='word_1_187' title='bbox 1112 3251 1250 3331; x_wconf 89' lang='lat' dir='ltr'>Scipione</span> <span class='ocrx_word' id='word_1_188' title='bbox 1264 3247 1349 3327; x_wconf 68' lang='lat' dir='ltr'>agni-</span> 
     </span>
    </p>
   </div>
   <div class='ocr_carea' id='block_1_11' title="bbox 254 3449 1351 4198">
    <p class='ocr_par' dir='ltr' id='par_1_11' title="bbox 254 3449 1351 3976">
     <span class='ocr_line' id='line_1_27' title="bbox 287 3449 1351 3522; baseline -0.005 -17"><span class='ocrx_word' id='word_1_189' title='bbox 287 3460 319 3505; x_wconf 76' lang='lat' dir='ltr'>tu</span> <span class='ocrx_word' id='word_1_190' title='bbox 337 3455 416 3519; x_wconf 72' lang='lat' dir='ltr'>cnm]</span> <span class='ocrx_word' id='word_1_191' title='bbox 432 3455 518 3522; x_wconf 73' lang='lat' dir='ltr'>Vulgo</span> <span class='ocrx_word' id='word_1_192' title='bbox 535 3457 658 3508; x_wconf 89' lang='lat' dir='ltr'>continue</span> <span class='ocrx_word' id='word_1_193' title='bbox 666 3457 782 3510; x_wconf 81' lang='lat' dir='ltr'>scribunt</span> <span class='ocrx_word' id='word_1_194' title='bbox 821 3457 886 3519; x_wconf 69' lang='lat' dir='ltr'>cidus</span> <span class='ocrx_word' id='word_1_195' title='bbox 901 3455 973 3509; x_wconf 76' lang='lat' dir='ltr'>susti</span> <span class='ocrx_word' id='word_1_196' title='bbox 989 3457 1071 3507; x_wconf 83' lang='lat' dir='ltr'>Idem.</span> <span class='ocrx_word' id='word_1_197' title='bbox 1102 3454 1195 3506; x_wconf 82' lang='lat' dir='ltr'>Adbuc</span> <span class='ocrx_word' id='word_1_198' title='bbox 1213 3449 1351 3516; x_wconf 71' lang='lat' dir='ltr'>legebstur</span> 
     </span>
     <span class='ocr_line' id='line_1_28' title="bbox 255 3523 1350 3598; baseline -0.006 -18"><span class='ocrx_word' id='word_1_199' title='bbox 255 3530 406 3593; x_wconf 69' lang='grc' dir='ltr'><strong>ώΰωίεα,</strong></span> <span class='ocrx_word' id='word_1_200' title='bbox 422 3531 489 3596; x_wconf 86' lang='lat' dir='ltr'>qnod</span> <span class='ocrx_word' id='word_1_201' title='bbox 504 3531 611 3584; x_wconf 80' lang='lat' dir='ltr'>verbnm</span> <span class='ocrx_word' id='word_1_202' title='bbox 629 3547 677 3598; x_wconf 83' lang='lat' dir='ltr'>per</span> <span class='ocrx_word' id='word_1_203' title='bbox 694 3549 781 3585; x_wconf 86' lang='lat' dir='ltr'>ornnes</span> <span class='ocrx_word' id='word_1_204' title='bbox 821 3535 885 3597; x_wconf 56' lang='lat' dir='ltr'>emus</span> <span class='ocrx_word' id='word_1_205' title='bbox 897 3535 938 3583; x_wconf 83' lang='lat' dir='ltr'>rel</span> <span class='ocrx_word' id='word_1_206' title='bbox 958 3531 1017 3594; x_wconf 67' lang='lat' dir='ltr'>cria</span> <span class='ocrx_word' id='word_1_207' title='bbox 1034 3537 1098 3594; x_wconf 74' lang='lat' dir='ltr'>sust,</span> <span class='ocrx_word' id='word_1_208' title='bbox 1121 3528 1251 3580; x_wconf 83' lang='lat' dir='ltr'>sententis</span> <span class='ocrx_word' id='word_1_209' title='bbox 1268 3523 1350 3575; x_wconf 71' lang='lat' dir='ltr'>min-</span> 
     </span>
     <span class='ocr_line' id='line_1_29' title="bbox 254 3597 1349 3673; baseline -0.005 -19"><span class='ocrx_word' id='word_1_210' title='bbox 254 3603 312 3656; x_wconf 80' lang='lat' dir='ltr'>fers</span> <span class='ocrx_word' id='word_1_211' title='bbox 333 3605 468 3656; x_wconf 74' lang='lat' dir='ltr'>hodiernus</span> <span class='ocrx_word' id='word_1_212' title='bbox 490 3607 589 3672; x_wconf 73' lang='lat' dir='ltr'>linguas</span> <span class='ocrx_word' id='word_1_213' title='bbox 615 3616 783 3673; x_wconf 67' lang='lat' dir='ltr'>propsgstunr</span> <span class='ocrx_word' id='word_1_214' title='bbox 823 3613 912 3672; x_wconf 73' lang='lat' dir='ltr'>gente.</span> <span class='ocrx_word' id='word_1_215' title='bbox 931 3605 1083 3657; x_wconf 80' lang='lat' dir='ltr'>obsoletum</span> <span class='ocrx_word' id='word_1_216' title='bbox 1093 3597 1349 3666; x_wconf 69' lang='lat' dir='ltr'>illudncpro‘nom’</span> 
     </span>
     <span class='ocr_line' id='line_1_30' title="bbox 255 3679 1350 3748; baseline -0.005 -18"><span class='ocrx_word' id='word_1_217' title='bbox 255 3685 316 3730; x_wconf 86' lang='lat' dir='ltr'>est:</span> <span class='ocrx_word' id='word_1_218' title='bbox 333 3681 378 3744; x_wconf 82' lang='lat' dir='ltr'>sed</span> <span class='ocrx_word' id='word_1_219' title='bbox 401 3687 473 3731; x_wconf 82' lang='lat' dir='ltr'>recte</span> <span class='ocrx_word' id='word_1_220' title='bbox 491 3689 579 3733; x_wconf 88' lang='lat' dir='ltr'>monet</span> <span class='ocrx_word' id='word_1_221' title='bbox 599 3683 639 3732; x_wconf 85' lang='lat' dir='ltr'>vir</span> <span class='ocrx_word' id='word_1_222' title='bbox 656 3684 784 3748; x_wconf 74' lang='lat' dir='ltr'>egregins,</span> <span class='ocrx_word' id='word_1_223' title='bbox 823 3697 881 3734; x_wconf 90' lang='lat' dir='ltr'>cnm</span> <span class='ocrx_word' id='word_1_224' title='bbox 889 3682 1041 3748; x_wconf 88' lang='lat' dir='ltr'>displiceret</span> <span class='ocrx_word' id='word_1_225' title='bbox 1048 3679 1226 3741; x_wconf 75' lang='lat' dir='ltr'>librariis‚cito</span> <span class='ocrx_word' id='word_1_226' title='bbox 1236 3689 1350 3740; x_wconf 82' lang='lat' dir='ltr'>expunc-</span> 
     </span>
     <span class='ocr_line' id='line_1_31' title="bbox 255 3753 1349 3819; baseline 0.008 -13"><span class='ocrx_word' id='word_1_227' title='bbox 255 3755 326 3806; x_wconf 79' lang='lat' dir='ltr'>Frid.</span> <span class='ocrx_word' id='word_1_228' title='bbox 347 3753 543 3819; x_wconf 57' lang='lat' dir='ltr'>Suffiwollins,</span> <span class='ocrx_word' id='word_1_229' title='bbox 558 3756 642 3816; x_wconf 74' lang='lat' dir='ltr'>Acsd.</span> <span class='ocrx_word' id='word_1_230' title='bbox 661 3759 784 3810; x_wconf 78' lang='lat' dir='ltr'>Halensls</span> <span class='ocrx_word' id='word_1_231' title='bbox 824 3766 878 3810; x_wconf 84' lang='lat' dir='ltr'>tom</span> <span class='ocrx_word' id='word_1_232' title='bbox 898 3765 949 3810; x_wconf 83' lang='lat' dir='ltr'>est.</span> <span class='ocrx_word' id='word_1_233' title='bbox 973 3759 1048 3810; x_wconf 71' lang='lat' dir='ltr'>nnn</span> <span class='ocrx_word' id='word_1_234' title='bbox 1082 3757 1134 3810; x_wconf 80' lang='lat' dir='ltr'>Qut</span> <span class='ocrx_word' id='word_1_235' title='bbox 1153 3753 1226 3805; x_wconf 84' lang='lat' dir='ltr'>dedit</span> <span class='ocrx_word' id='word_1_236' title='bbox 1243 3753 1303 3814; x_wconf 54' lang='grc' dir='ltr'>ὂψ</span> <span class='ocrx_word' id='word_1_237' title='bbox 1318 3764 1349 3799; x_wconf 66' lang='lat'>¹⁸³</span> 
     </span>
     <span class='ocr_line' id='line_1_32' title="bbox 254 3831 886 3896; baseline 0.006 -15"><span class='ocrx_word' id='word_1_238' title='bbox 254 3831 344 3894; x_wconf 87' lang='lat' dir='ltr'>decos,</span> <span class='ocrx_word' id='word_1_239' title='bbox 360 3831 698 3896; x_wconf 75' lang='lat' dir='ltr'>conjungendsesseverbs</span> <span class='ocrx_word' id='word_1_240' title='bbox 716 3835 783 3885; x_wconf 85' lang='lat' dir='ltr'>‘Co-</span> <span class='ocrx_word' id='word_1_241' title='bbox 821 3839 886 3886; x_wconf 74' lang='lat' dir='ltr'>mat.</span> 
     </span>
     <span class='ocr_line' id='line_1_33' title="bbox 255 3901 1349 3976; baseline -0.006 -19"><span class='ocrx_word' id='word_1_242' title='bbox 255 3906 339 3958; x_wconf 80' lang='lat' dir='ltr'>rnlco’</span> <span class='ocrx_word' id='word_1_243' title='bbox 354 3913 383 3957; x_wconf 87' lang='lat' dir='ltr'>st</span> <span class='ocrx_word' id='word_1_244' title='bbox 398 3907 517 3958; x_wconf 78' lang='lat' dir='ltr'>‘virtus&#39;</span> <span class='ocrx_word' id='word_1_245' title='bbox 534 3908 607 3960; x_wconf 72' lang='lat' dir='ltr'>But.</span> <span class='ocrx_word' id='word_1_246' title='bbox 854 3915 887 3962; x_wconf 62' lang='grc' dir='ltr'>πῆ</span> <span class='ocrx_word' id='word_1_247' title='bbox 899 3910 1004 3976; x_wconf 75' lang='lat' dir='ltr'>Populis,</span> <span class='ocrx_word' id='word_1_248' title='bbox 1013 3909 1066 3960; x_wconf 81' lang='lat' dir='ltr'>end‘</span> <span class='ocrx_word' id='word_1_249' title='bbox 1077 3903 1218 3968; x_wconf 72' lang='lat' dir='ltr'>ibudnbot]</span> <span class='ocrx_word' id='word_1_250' title='bbox 1229 3902 1272 3952; x_wconf 84' lang='lat' dir='ltr'>Its</span> <span class='ocrx_word' id='word_1_251' title='bbox 1282 3901 1349 3950; x_wconf 75' lang='lat' dir='ltr'>bisc.</span> 
     </span>
    </p>

    <p class='ocr_par' dir='ltr' id='par_1_12' title="bbox 257 3975 1348 4114">
     <span class='ocr_line' id='line_1_34' title="bbox 287 3975 1348 4052; baseline 0.001 -21"><span class='ocrx_word' id='word_1_252' title='bbox 287 3986 320 4030; x_wconf 73' lang='lat'>2⁰</span> <span class='ocrx_word' id='word_1_253' title='bbox 347 3983 487 4049; x_wconf 73' lang='lat' dir='ltr'>Despectus]</span> <span class='ocrx_word' id='word_1_254' title='bbox 512 3984 562 4036; x_wconf 89' lang='lat' dir='ltr'>Ms.</span> <span class='ocrx_word' id='word_1_255' title='bbox 584 3985 650 4036; x_wconf 77' lang='lat' dir='ltr'>Dan.</span> <span class='ocrx_word' id='word_1_256' title='bbox 669 3987 784 4050; x_wconf 78' lang='lat' dir='ltr'>despecta.</span> <span class='ocrx_word' id='word_1_257' title='bbox 824 3988 947 4039; x_wconf 79' lang='lat' dir='ltr'>Danielis.</span> <span class='ocrx_word' id='word_1_258' title='bbox 962 3987 1039 4052; x_wconf 78' lang='lat' dir='ltr'>ang.</span> <span class='ocrx_word' id='word_1_259' title='bbox 1060 3983 1191 4049; x_wconf 66' lang='lat' dir='ltr'>meanto·</span> <span class='ocrx_word' id='word_1_260' title='bbox 1209 3979 1289 4032; x_wconf 77' lang='lat' dir='ltr'>dolol-</span> <span class='ocrx_word' id='word_1_261' title='bbox 1304 3975 1348 4026; x_wconf 80' lang='grc' dir='ltr'>ΑΙ·</span> 
     </span>
     <span class='ocr_line' id='line_1_35' title="bbox 257 4055 1348 4114; baseline 0.006 -9"><span class='ocrx_word' id='word_1_262' title='bbox 257 4055 332 4105; x_wconf 78' lang='lat' dir='ltr'>lind.</span> <span class='ocrx_word' id='word_1_263' title='bbox 820 4063 998 4114; x_wconf 65' lang='lat' dir='ltr'>mommolus</span> <span class='ocrx_word' id='word_1_264' title='bbox 1018 4059 1092 4112; x_wconf 78' lang='lat' dir='ltr'>lind.</span> <span class='ocrx_word' id='word_1_265' title='bbox 1345 4081 1348 4088; x_wconf 92' lang='lat'>·</span> 
     </span>
    </p>

    <p class='ocr_par' dir='ltr' id='par_1_13' title="bbox 289 4131 783 4198">
     <span class='ocr_line' id='line_1_36' title="bbox 289 4131 783 4198; baseline 0.016 -18"><span class='ocrx_word' id='word_1_266' title='bbox 289 4131 320 4178; x_wconf 75' lang='lat' dir='ltr'>Sl</span> <span class='ocrx_word' id='word_1_267' title='bbox 340 4132 406 4193; x_wconf 74' lang='lat' dir='ltr'>Csu&#39;oe</span> <span class='ocrx_word' id='word_1_268' title='bbox 422 4134 487 4198; x_wconf 74' lang='lat' dir='ltr'>asni]</span> <span class='ocrx_word' id='word_1_269' title='bbox 504 4135 548 4187; x_wconf 85' lang='lat' dir='ltr'>Sic</span> <span class='ocrx_word' id='word_1_270' title='bbox 567 4135 624 4190; x_wconf 83' lang='lat' dir='ltr'>libr.</span> <span class='ocrx_word' id='word_1_271' title='bbox 636 4137 703 4188; x_wconf 83' lang='lat' dir='ltr'>Dan.</span> <span class='ocrx_word' id='word_1_272' title='bbox 741 4137 783 4188; x_wconf 80' lang='lat' dir='ltr'>Al.</span> 
     </span>
    </p>
   </div>
   <div class='ocr_carea' id='block_1_12' title="bbox 0 0 1510 4892">
    <p class='ocr_par' dir='ltr' id='par_1_14' title="bbox 0 0 1510 4892">
     <span class='ocr_line' id='line_1_37' title="bbox 0 0 1510 4892; baseline 0 0"><span class='ocrx_word' id='word_1_273' title='bbox 0 0 1510 4892; x_wconf 95' lang='lat' dir='ltr'> </span> 
     </span>
    </p>
   </div>
  </div>
 </body>
</html>
