2948 4890
399 417 450 466 on
472 417 623 468 consors
646 417 968 470 orususrorrraus.
1161 407 1225 474 147

130 559 229 626 Quare
244 569 276 620 et
288 559 397 620 crescit
410 559 514 630 orado,
537 569 569 619 et
581 559 650 620 talis
670 567 726 652 est,
748 569 782 620 ut
794 561 897 640 quasis
911 559 1019 640 pedum
1033 560 1229 642 dispositione

130 655 224 734 potior
238 653 288 712 sit.
330 653 376 714 lta
397 655 514 714 curiosa
535 656 600 716 berc
622 655 742 734 ingenie
765 674 969 734 sepenumero
978 656 1091 737 judicio
1113 671 1229 730 carent,

132 750 178 808 De
190 750 371 809 comicorum
383 768 519 810 versuum
534 749 666 820 materia,
690 750 874 829 partiumque
887 751 1064 830 quantitate,
1078 753 1149 813 satis
1165 753 1228 814 dis·

130 857 263 923 putatum
284 856 348 911 est:
379 843 417 904 de
444 845 572 924 ipsarum
600 846 726 923 partium
752 863 874 905 numero
898 845 1039 928 deinceps
1065 846 1226 910 rideamus.

131 939 291 1018 Principio,
304 939 385 1018 qnod
400 951 489 1000 antee
508 941 538 1000 iu
552 938 633 998 libris
647 937 685 999 de
708 941 778 1001 Arte
799 939 925 1002 Poenos
939 941 1106 1014 statuimus,
1120 941 1168 1004 hic
1183 964 1227 1005 re-

130 1036 292 1114 petendum
306 1045 368 1096 est:
384 1035 495 1098 Versus
510 1053 561 1113 per
575 1034 658 1096 initia
667 1045 768 1096 curtos
783 1035 885 1109 luisse,
900 1036 1017 1097 dnobus
1028 1037 1067 1098 ad
1082 1057 1228 1100 summurn

131 1142 289 1192 contentos
303 1129 442 1211 pedibus.
474 1130 509 1190 ld
524 1131 604 1210 quod
618 1141 649 1192 et
663 1132 775 1192 ratione
786 1132 1061 1211 comprehenditur:
1083 1133 1228 1212 siquidem

109 1249 111 1254 ·
135 1237 314 1304 partestoto
337 1245 459 1304 corpore
485 1227 596 1305 priores
611 1237 698 1286 sunt:
720 1237 750 1286 et
771 1227 934 1308 exemplis:
966 1231 1009 1290 sic
1032 1229 1111 1289 euim
1133 1239 1230 1292 ortum

133 1341 206 1382 esse·
222 1322 351 1401 primum
376 1321 523 1382 senarium
546 1323 577 1380 in
592 1323 737 1402 Apollinis
753 1342 864 1404 pugna,
887 1343 975 1403 quam
997 1344 1066 1385 cum
1091 1323 1230 1404 Pythone
1288 1309 1295 1316 ’

133 1417 294 1486 conseruit,
313 1437 351 1478 ex
364 1415 415 1476 illa
439 1417 564 1496 simplici
578 1418 806 1480 acclamatione:
829 1424 856 1492 hl
870 1421 968 1481 παιάν.
1003 1421 1100 1490 Quam
1115 1441 1182 1482 cum
1196 1431 1228 1481 et

134 1514 284 1584 iterarent,
298 1523 330 1574 et
342 1512 572 1590 frequentarent,
596 1524 697 1574 natum
720 1517 804 1576 sinat
817 1516 982 1578 monrium:
1003 1537 1063 1596 qno
1076 1527 1231 1596 tantopere

132 1612 160 1672 in
174 1610 237 1670 suis
249 1609 375 1670 oraculis
389 1619 494 1688 postea
508 1609 559 1670 ille
573 1611 746 1672 celebrarit:
770 1612 810 1684 'ht
824 1617 923 1685 παιὰν,
937 1617 1073 1686 literar,
1089 1619 1116 1685 tr)
1130 1615 1229 1674 rada.

135 1704 255 1775 Qua-de
266 1703 358 1764 causti
372 1702 451 1781 apud
466 1713 602 1766 auctores
618 1705 805 1778 rasurarum,
825 1708 956 1768 invenias
969 1710 1057 1770 unica
1069 1728 1141 1770 voce
1156 1727 1228 1769 con·

134 1811 248 1861 tentum
260 1819 377 1860 versum
390 1819 399 1858 :
421 1809 454 1858 ut
466 1799 497 1857 iu
512 1800 677 1862 Eunucho:
699 1811 707 1838 ⁶
720 1803 847 1864 Occidi.'
877 1803 938 1864 Sed
951 1814 982 1864 et
994 1803 1229 1884 monosyllabum

136 1895 282 1958 interdurn
296 1915 304 1954 :
319 1904 370 1956 ·ut
389 1893 418 1954 in
442 1894 587 1956 Hecuba:
615 1896 680 1958 Φεῦ.
730 1899 769 1978 Et
792 1896 895 1958 eadem
911 1899 1059 1978 gemtum
1071 1919 1154 1972 voce,
1169 1901 1229 1960 dis·

136 1993 235 2052 tinctae
249 2011 350 2062 rocas,
368 2001 402 2050 ut
416 1991 444 2050 in
466 1990 566 2064 Pluto,
589 2005 623 2054 ut
636 1994 666 2054 iu
682 1993 807 2072 Oreste:
827 1992 859 2064 d,
872 1992 903 2054 d.
947 1995 985 2055 Et
996 1995 1174 2074 conjuncta:
1195 2007 1231 2056 ut

138 2089 166 2147 in
181 2087 349 2148 Philoctete
375 2085 551 2166 Sophoclis:
580 2089 751 2150 'Amornrh
791 2090 936 2169 Repetitis
958 2089 1064 2150 deinde
1086 2090 1230 2150 tractibus

136 2183 337 2262 productiores
352 2183 442 2243 iacti:
476 2195 509 2244 ut
530 2184 558 2243 iu
574 2185 729 2245 Nubibus:
751 2183 817 2256 Ἰοὺ,
832 2190 884 2245 los'.
925 2185 991 2244 Hoc
1005 2203 1123 2264 quoque
1142 2185 1185 2243 ita
1198 2185 1230 2244 ln

137 2280 306 2340 Trinummo
329 2277 515 2359 duplicatum
540 2279 605 2351 tuit,
630 2289 664 2338 ut
685 2278 808 2339 dimeter
832 2279 931 2339 fieret:
967 2280 1012 2338 ‘0
1038 2277 1230 2348 Callicles,0

137 2375 297 2436 Callicles!
336 2375 426 2452 Ergo,
447 2393 515 2436 cnm
536 2374 596 2434 duo
609 2374 719 2454 pedum
733 2385 834 2435 esseut
848 2394 968 2453 genera,
990 2375 1113 2434 aitemm
1135 2387 1229 2435 moto·

138 2471 222 2542 uum,
236 2471 360 2530 alterurn
375 2471 550 2531 statarium
572 2472 622 2549 qui
638 2489 739 2532 sersus
753 2491 790 2532 ex
804 2470 934 2531 motoriis
947 2479 1128 2542 constarent,
1149 2469 1179 2528 in
1194 2469 1232 2530 iis

137 2566 220 2626 binos
234 2565 327 2646 pedes
342 2565 466 2645 siugulis
479 2566 620 2626 collectos
634 2566 776 2628 tractibus
790 2566 953 2626 feriebant:
967 2567 1018 2645 qui
1031 2577 1157 2626 numme
1172 2575 1232 2624 sta·

138 2661 442 2734 tariiscoullabantur,
455 2661 528 2721 saus
539 2661 689 2722 habebant
702 2681 788 2721 suum
798 2660 904 2740 cuique
919 2660 983 2720 sedi
997 2660 1101 2739 pedem
1114 2659 1231 2719 relerre.

140 2756 173 2814 ln
187 2755 277 2834 priori
297 2757 394 2816 classe
415 2757 472 2817 luit
496 2755 703 2836 pyrrhichius:
737 2755 821 2834 cujus
835 2773 938 2814 versus
961 2751 1120 2832 Euopolios
1134 2751 1233 2813 dictus

140 2861 203 2910 est:
224 2870 287 2930 quo
301 2851 347 2910 usi
366 2870 467 2912 sumus
480 2870 536 2910 uos
550 2859 614 2910 toto
636 2848 793 2928 polimatio,
814 2849 894 2927 quod
914 2847 1115 2910 dicaveramus
1140 2847 1232 2908 Sileni

139 2945 308 3007 natalibus:
339 2947 454 3008 ‘blodo
478 2949 556 3013 citus
580 2963 636 3026 ego
663 2943 739 3026 pede
760 2943 855 3004 celere
878 2943 972 3023 magis
996 2962 1053 3022 ago
1075 2961 1230 3004 numeros:

140 3042 282 3122 Abecque
295 3042 411 3102 Venere
435 3041 512 3102 duce
536 3041 603 3102 loca
617 3059 706 3119 super
726 3039 785 3100 alia
798 3037 925 3100 volans!
966 3038 1004 3098 Et
1027 3037 1181 3116 Euripides
1202 3037 1231 3096 in

141 3135 265 3200 Oreste:
285 3139 374 3216 Xptos
394 3141 513 3217 ἐμόλετέ
531 3157 617 3197 rore:
650 3133 850 3197 'Arusihadon
863 3135 919 3196 dard
942 3139 1051 3216 λέχεσι.
1092 3133 1232 3213 Ejusdem

141 3235 258 3310 generis
284 3246 341 3308 est,
367 3235 492 3306 iambus,
509 3228 676 3306 trocheus,
704 3231 878 3292 tribrachus.
927 3231 961 3290 ln
986 3229 1117 3291 secundo
1140 3249 1233 3290 censu

141 3329 303 3408 spondam
316 3330 452 3404 habetur,
476 3327 623 3409 dactylus,
648 3337 829 3408 anapaestus,
843 3325 1132 3407 proceleusmaticus,
1146 3325 1233 3384 creti«

140 3445 204 3499 cns,
232 3426 461 3506 amphimacrus,
486 3424 638 3497 bacchius,
660 3422 900 3503 palimbacchius.
945 3421 1049 3501 Neque
1077 3437 1145 3480 sero
1170 3419 1234 3478 sine

141 3523 256 3584 unone
280 3523 335 3584 lnit
357 3522 425 3583 boc.
467 3521 501 3581 ln
523 3521 570 3582 his
592 3541 721 3600 namque
744 3522 877 3594 vocibus,
902 3519 1106 3580 accensionum
1129 3524 1235 3576 ustura

141 3628 278 3695 quatuor,
292 3629 345 3678 eut
364 3619 494 3697 quinque
507 3619 688 3698 temporibus
701 3617 839 3698 frequens
852 3626 908 3678 cst.
950 3615 1029 3694 Ergo
1044 3609 1155 3672 statarii
1168 3629 1233 3669 ver·

141 3731 194 3772 sus
207 3733 244 3774 es
258 3713 368 3793 pedum
381 3733 503 3774 numero
516 3733 624 3774 nomen
649 3699 820 3774 obtinuere:
852 3713 894 3772 ita
906 3727 941 3770 ut
959 3707 1080 3778 heroici,
1093 3705 1233 3784 qnoniam

142 3827 196 3868 sex
219 3807 371 3888 spondaeis
385 3818 567 3882 constarent,
591 3807 698 3870 senarii
712 3805 895 3866 dicerentur:
926 3803 1042 3863 motorii
1062 3809 1234 3860 autemnon

141 3905 231 3966 item:
254 3903 307 3982 qui
327 3904 365 3964 nb
379 3905 558 3965 celeritatem
581 3904 653 3964 satis
669 3903 845 3973 habnemut,
867 3919 905 3959 ex
917 3897 1039 3959 dimidio
1052 3905 1166 3956 tantum
1181 3913 1234 3954 uo·

143 4019 211 4059 men
226 4000 282 4060 sibi
295 3999 441 4060 retinere:
468 4009 624 4082 pmpteree
646 3997 727 4079 quod
749 3997 810 4057 bini
833 3995 985 4077 prodirent
1007 3992 1114 4052 simul:
1146 4000 1234 4069 atque

143 4098 186 4156 ita
199 4096 312 4157 iactum
325 4105 437 4168 est,ut,
449 4097 557 4176 quibus
582 4107 684 4156 essent
701 4092 793 4175 pedes
816 4092 888 4163 bini,
909 4091 929 4150 ii
952 4081 1126 4150 monometri
1146 4105 1234 4146 roca·

143 4203 263 4254 rentur:
289 4193 395 4272 quihus
420 4201 556 4274 quatuor,
578 4190 713 4252 dimetri:
744 4189 850 4272 quibus
875 4207 939 4260 sex,
962 4185 1100 4250 trimetri:
1128 4183 1235 4268 quibus
