2958 4892
271 378 335 480 189
575 392 788 443 roaorrrrrua
811 380 1058 444 caurarnrua

271 544 359 604 ‘lam
373 539 402 601 lii
416 536 479 599 em'
501 544 547 596 e'at
571 535 695 606 iambus,
714 533 761 594 rel
784 533 882 594 roluta
901 533 1028 596 dictione
1049 536 1156 610 ‘laun’
1176 537 1224 598 vel
1244 547 1352 600 renota

270 640 356 700 litera
370 657 409 696 m.

351 764 432 832 Quot
443 759 543 842 pondo
555 757 673 817 tedeaee
686 773 790 817 censer
804 757 926 830 nudum,
941 777 1001 818 non
1015 757 1130 837 oedepol
1144 759 1217 820 acio.

351 859 404 918 lile
418 875 506 938 opere
520 854 590 914 soria
604 853 744 913 laciundo
757 853 854 912 laerua
869 863 959 914 noctu
973 853 1100 915 advenit.

350 954 528 1030 Quanquam
543 949 632 1008 inrita
646 959 675 1008 te
689 949 805 1020 carebo,
819 948 947 1008 animuin
961 969 1016 1028 ego
1031 949 1169 1010 inducam
1184 961 1296 1013 umen.

349 1048 392 1108 Te
405 1045 467 1106 beri
479 1063 525 1104 me
539 1042 656 1114 vidisse,
670 1042 719 1120 qui
733 1041 789 1102 hac
800 1053 890 1102 noctu
904 1044 934 1102 in
949 1055 1063 1122 portum
1075 1045 1191 1106 advecti
1205 1065 1317 1106 eumue.

350 1142 566 1221 Blepharonem
579 1147 613 1198 ut
626 1158 656 1197 re
672 1137 771 1196 divina
785 1139 863 1198 lacta
877 1159 990 1200 mecum
1006 1141 1159 1220 prandeat.

351 1235 447 1296 Nimio
460 1233 538 1294 bella
550 1253 582 1294 ea
597 1243 684 1310 atqua
699 1232 842 1305 amabilis,
861 1243 891 1293 et
906 1234 930 1293 ri
944 1235 1001 1294 hoc
1015 1247 1095 1296 erret
1108 1256 1204 1296 meum
1218 1236 1318 1297 hodie.

272 1375 330 1446 Qui
343 1391 444 1434 verane
458 1389 560 1431 omnen
575 1369 710 1448 διαιρέσει
726 1370 865 1448 explicari
888 1381 1036 1450 poterunt.
1078 1374 1249 1434 Contractio
1271 1375 1355 1454 cylla-

269 1474 373 1532 barum
393 1467 518 1528 crebrior
539 1477 596 1525 cat.
636 1464 674 1524 Et
695 1473 825 1543 apparot,
845 1465 937 1526 fuisse
962 1466 1093 1546 linguam
1118 1469 1250 1528 latinam
1265 1469 1355 1550 magis

270 1575 369 1648 aptam
383 1564 422 1624 ad
435 1581 523 1623 vocer
536 1559 698 1640 cogendae,
724 1578 813 1638 quarn
835 1561 1052 1622 distrahendas.
1095 1563 1161 1624 Hoc
1183 1563 1256 1623 illud
1271 1566 1356 1625 etiam

269 1662 390 1733 indicat,
410 1659 491 1739 qnod
516 1657 615 1718 retulit
636 1655 740 1716 Cicero
763 1655 814 1717 lib.
841 1675 880 1716 rr.
905 1657 943 1717 de
968 1659 1174 1718 Divinatione:
1195 1660 1294 1720 ‘Curn
1316 1661 1356 1721 M.

271 1759 398 1818 Craasuc
412 1751 569 1816 exercitum
584 1750 744 1810 Brundusii
758 1751 929 1830 imponeret,
950 1751 1069 1830 quidam
1093 1754 1123 1812 in
1146 1763 1232 1832 portu
1247 1756 1355 1816 caricae

271 1853 376 1914 Cauno
404 1851 543 1911 advectas
565 1845 707 1918 vendens,
727 1846 875 1919 Caunear,
896 1845 1074 1911 clamitabat.
1127 1849 1292 1922 Dicamus,’
1314 1852 1356 1910 in·

271 1947 336 2028 quit
349 1948 463 2016 Cicero,
485 1950 494 1978 ‘
508 1945 532 2003 ai
552 1943 659 2022 placet,
679 1942 819 2001 monitum
838 1944 876 2002 ab
890 1961 926 2004 eo
941 1943 1091 2016 Graccum,
1104 1953 1220 2003 caveret
1233 1965 1271 2004 ne
1285 1945 1362 2005 iret!

271 2042 412 2103 Sonuiaae
431 2040 509 2099 enirn
531 2045 652 2118 apparet
675 2035 759 2109 illud,
780 2036 950 2108 ‘cauneaess
970 2049 1154 2100 contractum
1177 2038 1245 2110 boc,
1267 2043 1356 2100 ‘care

270 2161 308 2202 ne
321 2137 393 2198 eae!
433 2136 508 2195 llaec
532 2133 697 2193 indicantur
720 2131 887 2190 nominibus
910 2136 1121 2213 coroborentur
1134 2135 1355 2216 ἕσισινσλοιφιῑι.

271 2232 460 2315 Synaioephe,
483 2250 550 2312 quea
572 2240 602 2288 et
623 2235 781 2306 σιναιρισιι
792 2229 907 2306 proprie
920 2237 1051 2300 vocatur,
1065 2246 1139 2287 oum
1153 2228 1221 2288 duae
1236 2229 1356 2308 syllabre

270 2331 300 2389 in
315 2348 404 2389 unam
418 2325 508 2388 veluti
521 2323 684 2386 confluunt.
726 2321 767 2380 Ut
780 2321 906 2381 Phoeton
921 2321 1127 2398 δισσύλλσβον,
1140 2341 1193 2403 pro
1207 2324 1356 2406 trisyllaba
1468 2397 1469 2419 χ

270 2425 404 2486 Ρὴιιὲῑοιι
417 2443 425 2481 :

391 2535 467 2594 Cum
480 2543 509 2592 te
523 2531 670 2610 dejectum
684 2526 796 2588 crudeli
809 2527 940 2602 fulmine,
954 2529 1111 2590 Phaethon.

271 2664 348 2724 Nam
362 2681 380 2722 a
393 2672 423 2723 et
436 2681 453 2722 e
466 2660 569 2740 lingua
582 2658 685 2718 Latina
698 2657 915 2736 diphthongum
929 2659 1050 2718 iaciunt
1083 2656 1209 2732 Deinde,
1224 2659 1356 2738 proinde.

271 2755 469 2833 δισσιιλλάβιιι
483 2757 597 2816 Lucret.
637 2751 769 2814 Tandem
792 2752 925 2813 coierunt
949 2752 1150 2832 σρισνλλάβιιι.
1190 2753 1282 2828 Nihil,
1296 2755 1355 2814 nil:

269 2853 352 2926 mibi,
366 2854 423 2912 uri:
444 2851 539 2923 mehe,
561 2869 628 2910 me:
651 2849 675 2906 ri
695 2848 750 2920 viu,
772 2845 830 2907 κατ’
848 2850 975 2924 ἔκθλιψιν
989 2867 1007 2906 u
1023 2868 1075 2927 pro
1088 2859 1280 2922 consonante,
1295 2851 1354 2917 aior
1466 2849 1467 2864 ¹

269 2948 319 3008 ille
333 2960 363 3010 et
377 2947 472 3020 terrie,
495 2945 566 3006 illet.
609 2944 789 3021 Sceptraque
813 2941 927 3002 inniaua
950 2943 1096 3004 eburaco:
1117 2945 1237 3004 eburno.
1273 2945 1355 3005 'Peu-

272 3044 344 3106 deat
357 3043 457 3124 lychni
470 3039 657 3119 laquearibus
671 3038 785 3096 aureir:
806 3035 1022 3111 δισσιιλλάβιιιε

390 3167 476 3225 Libra
490 3164 549 3224 diei
562 3163 715 3241 noctisque
729 3182 814 3244 parer
828 3164 878 3224 ubi
892 3164 994 3224 lecerit
1006 3164 1105 3226 horas.

271 3294 348 3366 Diei,
362 3294 418 3365 vel,
432 3292 491 3364 die,
506 3292 621 3352 duabur
636 3291 767 3370 syllabis.
808 3291 880 3350 Tale
894 3301 934 3364 et,
948 3291 1000 3364 rei,
1014 3298 1217 3377 συνῃρημένιιι.

311 3389 361 3449 Sic
384 3387 444 3460 Dii,
466 3387 504 3446 Di
525 3395 614 3446 eunt:
636 3397 667 3445 et
686 3386 729 3458 iit,
753 3386 796 3446 it:
816 3386 965 3466 periimus,
986 3388 1135 3466 periurum
1157 3390 1356 3470 ἕσισννσλοιφι)

268 3493 368 3546 autern
390 3481 506 3562 lougius
527 3491 619 3560 patet,
640 3501 717 3554 cunr,
741 3480 972 3560 qualencumque
994 3483 1113 3544 vocales
1135 3483 1356 3557 contrabuntur,

270 3579 367 3658 deque
380 3577 494 3638 duabus
507 3577 628 3658 syllabis
643 3595 702 3636 una
720 3577 771 3636 fit:
793 3575 873 3654 qnod
896 3595 974 3656 cape
998 3577 1083 3636 nobie
1108 3577 1225 3638 mirifice
1247 3578 1355 3640 lactum

270 3674 385 3736 ridetur
396 3673 543 3754 iulingua
557 3674 663 3735 Graeca
675 3684 706 3734 et
719 3673 833 3744 Latina,
853 3691 921 3732 cunr
935 3673 964 3732 in
979 3673 1109 3732 suaderi
1129 3691 1214 3734 nemo
1227 3669 1357 3746 miretur,

270 3770 341 3850 quia
361 3771 456 3830 minua
477 3769 653 3830 considerat.
694 3766 864 3828 Secundum
886 3781 984 3828 autern
997 3767 1177 3828 diversarum
1190 3767 1357 3848 linguarum

269 3875 404 3924 naturam
414 3864 567 3924 diversitas
581 3865 611 3922 in
625 3863 671 3922 hia
683 3873 738 3922 ert.
767 3861 1206 3945 διάειιειιιρίιέσισιναλοιφῆι,
1218 3862 1358 3942 adquam

271 3959 389 4036 quidem
403 3969 433 4016 ct
444 3961 568 4036 ἔκθλιψιι
581 3970 611 4018 et
625 3960 769 4029 σινὶἒησιι
782 3957 944 4030 reserenda,
957 3957 1023 4019 boec
1038 3970 1126 4019 runt:
1148 3959 1213 4035 fuir,
1227 3978 1286 4019 una
1299 3957 1361 4038 syl·

270 4051 347 4112 laba.
388 4053 503 4114 Lucret.
516 4054 568 4114 lib.
585 4074 616 4115 v.
1333 4043 1346 4080 ”

550 4165 589 4224 Et
601 4165 732 4226 arabicus
746 4163 839 4225 multa
853 4165 989 4244 peruenit.
