2948 4890
332 373 491 422 rnrrrus
517 375 564 422 oo
589 376 735 424 orsurus
760 375 1038 426 coucenrarrurr.
1170 366 1233 432 108

134 521 322 579 innocentem
337 515 481 597 syllabam
495 515 646 590 damnare,
671 536 772 578 vocem
794 518 898 580 toliere
913 519 982 580 alibi
997 531 1048 580 aut
1062 523 1230 596 emendare,

101 629 103 633 ’
133 615 188 676 sed
203 616 315 674 sincere
329 611 368 672 de
381 613 550 674 auctoribus
575 631 610 672 ac
634 615 721 674 rebus
742 613 898 693 judicare:
921 615 1001 694 quod
1025 629 1055 676 et
1079 618 1182 678 solidae
1201 635 1232 680 et

133 710 279 772 absolutae
294 709 471 770 eruditionis
483 719 538 770 est.
582 709 659 784 Quo,
673 711 702 768 ni
718 710 813 783 fauor,
837 731 938 772 omnes
953 711 1126 792 aspiramus.
1172 715 1231 776 Ne-

132 827 190 888 que
202 806 266 866 ulla
278 808 309 866 in
324 826 355 867 re
370 807 464 886 magis
477 807 637 885 antiquitas
662 808 776 888 praeivit
789 809 883 867 nobis.
927 809 971 867 De
986 809 1164 870 Auctoribus
1179 831 1232 872 au·

131 917 190 964 tem
202 901 343 974 Cornicis,
358 902 535 963 utermelius
543 901 678 982 judicare
690 903 834 982 potuerit;
849 905 912 964 isne
921 905 970 983 qui
986 915 1074 966 aetate
1089 905 1139 966 ilia
1149 907 1230 982 vixit,

131 999 244 1081 quaed
258 1017 407 1060 summum
421 999 536 1060 culmen
550 1000 649 1078 poesia
662 1001 804 1079 pervenit,
815 1001 866 1080 qui
878 999 973 1060 Poiits
986 1002 1135 1076 Summus,
1150 1023 1231 1064 sum·

131 1117 197 1156 mus
207 1097 348 1170 criticus,
361 1095 541 1158 familiariter
554 1115 621 1156 cum
633 1096 753 1156 Coesare
767 1097 904 1176 Augusto
919 1116 954 1158 ac
970 1097 1134 1160 Maecenate
1151 1102 1229 1172 vixit,

131 1213 289 1272 eorumque
304 1203 396 1273 atque
408 1193 532 1252 aliorum
553 1192 685 1272 quotidie
706 1193 744 1253 de
766 1192 812 1252 his
830 1191 944 1272 judicia
966 1193 1097 1263 audiritr
1120 1215 1158 1256 an
1179 1199 1229 1276 qui

131 1289 217 1350 hodie
230 1290 336 1352 harum
351 1309 446 1352 rerum
460 1290 548 1372 plane
561 1290 686 1371 imperiti
695 1289 847 1370 judicantr
863 1289 920 1370 ipsi
935 1289 1068 1352 uiderint.

578 1759 789 1820 PETITUS

370 1923 428 1974 oe
455 1923 641 1975 onnrurr
669 1925 996 1978 conmorsnuu

493 2070 600 2136 PUB.
626 2069 873 2138 TERENTII.

132 2271 246 2332 Ounrr
263 2289 325 2330 non
340 2277 411 2330 sunt
423 2269 514 2350 plana
526 2279 615 2350 atque
626 2270 750 2349 liquida.
781 2271 907 2332 Primam
922 2271 1051 2330 omniunt
1063 2271 1227 2332 Aunnrarr

131 2387 203 2440 esse,
218 2368 314 2447 liquet
327 2386 364 2427 ex
378 2367 509 2439 Donato,
525 2365 702 2428 Praefatione
714 2367 744 2426 io
757 2365 917 2426 Andriam:
939 2375 948 2400 ⁴
962 2365 1037 2426 iimo
1051 2367 1145 2446 prims
1159 2377 1228 2428 scta

130 2475 174 2524 est
187 2464 280 2523 Ludis
295 2462 541 2543 Megalensibus:
555 2467 612 2524 dre.
653 2463 815 2524 Suetonius
835 2463 1025 2544 Tranquillus
1044 2462 1074 2522 in
1087 2462 1158 2524 Vin
1171 2463 1228 2523 Te·

129 2562 229 2621 rentii:
252 2569 261 2596 ⁸
276 2560 402 2641 Scripsit
416 2559 585 2620 Comoedias
600 2579 663 2634 sex,
684 2581 721 2620 ex
744 2563 851 2640 quibus
866 2561 989 2642 primam
1004 2560 1146 2622 Andriam
1159 2579 1227 2620 cum

133 2657 277 2717 AEdilibus
292 2654 397 2716 daret!
436 2655 525 2725 Quod
540 2665 571 2716 et
583 2665 731 2718 testantur
744 2657 775 2716 hi
787 2677 889 2718 versus
903 2657 935 2716 iu
948 2656 1070 2717 Andriae
1082 2655 1227 2734 Prologo:

245 2805 373 2876 Favete,
387 2803 488 2864 adeste
504 2821 592 2882 oequo
607 2803 715 2874 enirno,
736 2811 766 2861 ct
780 2821 840 2860 rem
854 2801 1036 2880 cognoscite,

251 2899 294 2958 Ut
306 2901 498 2978 pernoscatis,
513 2907 544 2958 et
560 2897 631 2980 quid
645 2899 708 2978 spei
723 2898 762 2957 sit
775 2897 937 2977 reliquum:

250 2995 381 3056 Posthac
396 3015 470 3074 quas
485 2995 573 3056 saciet
586 2993 624 3054 de
638 2995 753 3074 integro
768 2991 948 3064 eomedas,

250 3091 440 3173 Spectandoe,
454 3113 492 3152 an
507 3090 662 3174 exigendae
677 3091 737 3151 sint
751 3091 833 3152 vobis
849 3091 940 3172 prius.

132 3224 247 3288 Editam
262 3233 409 3284 testantur
428 3241 496 3284 cum
522 3221 712 3296 Didascaliae,
737 3233 799 3284 tum
823 3221 992 3292 Suetonius,
1016 3217 1058 3280 M.
1075 3217 1228 3292 Marcello,

131 3323 185 3382 Cn.
200 3319 335 3400 Sulpicio
349 3319 437 3382 Coss.
451 3319 508 3380 hoc
522 3329 578 3392 est,
593 3338 672 3380 anno
687 3319 725 3378 ab
741 3319 821 3378 Urbe
835 3316 964 3378 Condito
976 3318 1047 3377 588.

171 3419 327 3488 flectar,
342 3415 433 3478 semel
447 3425 536 3496 atque
550 3417 655 3480 iterum
668 3427 783 3490 exacta,
797 3415 884 3476 tertio
899 3414 979 3478 stetit
987 3433 996 3482 ς
1015 3413 1094 3472 unde
1109 3413 1228 3482 iactum,

131 3526 172 3586 ut,
186 3533 248 3593 quo
261 3513 330 3574 loco
344 3513 425 3573 edita
439 3513 561 3594 primum
575 3515 613 3573 sit
627 3533 645 3572 a
658 3513 806 3586 Terentio,
820 3533 881 3572 non
896 3532 932 3572 ex
946 3529 1016 3571 varo
1031 3507 1176 3589 proditum
1192 3510 1231 3566 sit

131 3631 148 3670 a
166 3611 301 3683 Donato,
322 3609 501 3670 Preietiooe
523 3610 553 3670 in
577 3611 656 3672 hanc
676 3609 879 3672 comoediam:
901 3609 1075 3684 ‘Factaque
1098 3613 1128 3664 et
1150 3602 1230 3662 edita

130 3708 232 3786 quinto
245 3707 324 3777 loco,
339 3705 396 3766 Co.
412 3705 538 3768 Octavio
551 3719 581 3768 et
592 3709 626 3768 T.
640 3708 755 3768 Manlio
766 3705 864 3768 Coss!
892 3703 994 3784 Atqui,
1008 3703 1034 3760 si
1045 3701 1125 3760 iacta
1135 3697 1230 3758 edita·

130 3824 186 3883 que
200 3813 249 3862 est
262 3801 319 3864 Cn.
338 3802 474 3874 Octavio,
488 3802 523 3864 T.
537 3803 652 3863 Manlio
666 3803 755 3864 Coss.
769 3823 829 3863 non
844 3802 932 3881 igitur
947 3799 1051 3878 quinto
1064 3796 1146 3856 loco:
1162 3811 1231 3852 narn

130 3899 188 3958 Cn.
204 3899 349 3960 Octavius
371 3909 403 3959 et
422 3899 457 3959 T.
481 3900 611 3960 Manlius
626 3901 764 3961 consules
778 3901 898 3960 fuerunt
911 3913 989 3954 anno
1004 3893 1041 3952 ab
1056 3892 1093 3952 U.
1106 3891 1141 3948 C.
1157 3891 1227 3949 589.

131 3995 209 4074 Ergo
225 3995 307 4056 iacta
320 4003 368 4054 est
381 4005 450 4074 post
463 3995 617 4070 Andriam,
631 4015 721 4076 quam
735 3993 829 4056 edidit
840 3990 994 4053 Terentius
1009 4005 1088 4048 enno
1100 3985 1229 4066 proxime

129 4090 325 4170 praecedenti3
346 4091 468 4169 proinde
484 4093 602 4174 Hecyra
616 4092 749 4154 secunda
763 4101 820 4164 eat,
834 4087 937 4150 ordine
953 4085 1142 4156 Fabularunr,
1155 4101 1229 4162 quas

131 4189 199 4250 iecit
213 4187 380 4249 Terentius.
